2266 3923
345 239 410 299 32
718 215 1561 279 DISSERTAT-Io

342 376 517 435 simam
580 373 870 427 secundam.
964 370 1016 424 A
1075 370 1316 425 vertebris
1355 374 1626 443 recedunt,
1680 388 1728 431 et
1783 391 1960 447 poste-2

344 468 476 523 riora
537 481 715 520 versus
773 460 1018 529 imprimis
1035 462 1043 512 .’
1077 478 1106 516 a
1170 461 1409 531 vigesima
1467 478 1643 522 octava
1684 483 1851 537 usque
1889 470 1958 525 ad

342 556 643 627 trigesimam
704 550 959 621 longiores
1022 548 1154 605 fitmt
1173 589 1192 617 ,
1263 550 1333 606 ita
1375 563 1434 607 ut
1490 565 1658 611 costas
1712 557 1954 613 mentian-

349 659 432 702 tur
479 647 550 713 (c
571 643 622 710 >-

417 730 592 788 Cuvi
613 729 711 784 eri
730 745 804 783 us
839 727 1020 798 Rajae
1047 729 1165 797 plus
1201 745 1349 797 quam
1370 734 1435 799 85
1453 731 1631 789 tribuit
1663 733 1956 800 vertebras,

345 823 398 876 in
440 819 607 890 specie
655 822 868 889 quadam
910 821 1063 892 hujus
1098 821 1295 890 generis
1351 836 1450 888 107
1498 825 1797 891 numeravi,
1833 841 1956 892 quaar

343 926 458 967 rum
515 928 548 977 4
606 924 745 966 erant
792 910 1050 974 dorsales‚
1117 907 1206 975 qui
1253 923 1498 966 numerus
1543 911 1782 967 convenit
1832 928 1955 968 cum

342 1014 553 1055 numero
585 999 855 1053 dorsalium
886 996 1025 1065 apud
1076 995 1249 1052 Cuvi
1268 996 1420 1052 eriu
1439 1014 1509 1052 m.
1583 1000 1721 1054 Cum
1751 1017 1873 1054 vero
1900 1000 1957 1054 in

344 1091 461 1160 rajis
517 1092 673 1144 cauda
732 1090 784 1142 in
844 1101 996 1144 tenue
1041 1088 1183 1143 filum
1224 1090 1580 1157 protrahatur,
1631 1105 1852 1156 cumque
1897 1088 1952 1142 in

344 1181 444 1234 hoc
487 1179 576 1234 filo
624 1179 676 1232 in
721 1168 1182 1248 majoribus'etiam
1222 1178 1583 1246 speciminibus
1629 1180 1795 1234 nuclei
1840 1196 1958 1237 ver·.

341 1271 596 1325 tebrarum
653 1268 754 1324 sint
807 1267 1167 1336 minutissimi,
1227 1284 1334 1323 non
1392 1269 1541 1339 potui
1579 1269 1642 1324 ad
1683 1280 1958 1326 extremam

340 1359 549 1421 caudam
577 1373 744 1424 usque
783 1356 1036 1411 vertebras
1084 1373 1364 1412 numerare.
1421 1358 1856 1412 Treviranus
1898 1356 1953 1408 in

341 1447 496 1512 Raja
562 1446 693 1501 rubo
758 1449 1027 1499 108—110
1091 1446 1348 1500 vertebras
1406 1446 1638 1499 distincte
1682 1444 1960 1501 observare

336 1536 505 1606 potuit
536 1534 623 1605 (d
638 1536 685 1601 >.
726 1535 864 1588 Cum
883 1551 945 1588 ex
975 1533 1151 1601 hisce,
1167 1547 1276 1590 tum
1308 1534 1454 1588 etiam
1490 1551 1552 1588 ex
1585 1533 1769 1588 Schu
1791 1532 1957 1586 ltzii

339 1623 750 1679 annotationibus
814 1621 1104 1676 universum
1173 1622 1517 1678 vertebrarum
1575 1638 1843 1679 numerum
1902 1622 1955 1676 in

343 1714 442 1768 hoc
487 1726 668 1779 genere
718 1711 834 1776 plus
879 1724 1030 1775 quam
1092 1726 1187 1761 100
1233 1726 1344 1764 esse
1392 1710 1694 1777 putaverim.
1769 1712 1954 1775 Rajae.

342 1804 467 1858 ruhi
544 1802 833 1856 col-umnam
896 1797 1238 1852 vertebrarum
1301 1798 1568 1867 descripsit
1638 1799 1956 1857 Trevira÷

342 1908 504 1956 nus,
557 1906 621 1943 ex
659 1904 760 1956 qua
807 1886 1144 1954 descriptione
1204 1885 1432 1942 videmus
1490 1886 1742 1942 vertebras
1786 1905 1813 1940 a
1853 1887 1956 1955 pri-

345 1996 425 2034 ma
489 1978 602 2031 inde
684 1992 959 2044 processus
1042 1974 1283 2042 spinosos
1358 1974 1655 2041 applanatos
1730 1975 1956 2042 habere,

347 2085 568 2139 quorum
633 2063 991 2134 conjunctione
1044 2062 1255 2127 efficitur
1317 2062 1470 2126 crista
1490 2079 1514 2129 3,
1561 2063 1624 2126 ad
1679 2065 1955 2132 quadrage,-

342 2162 518 2215 simam
566 2154 847 2211 vertebram
886 2153 983 2206 hos
1028 2166 1302 2219 processus
1353 2164 1442 2219 et,
1495 2168 1646 2218 quam
1696 2152 1956 2220 efficiunt,

340 2250 542 2303 cristam
603 2243 863 2309 desinere;
914 2241 1123 2295 similem
1176 2259 1234 2296 ac
1280 2242 1332 2294 in
1372 2244 1553 2308 squalo
1605 2241 1686 2295 hic
1745 2258 1955 2308 quoque

343 2344 520 2396 adesse
571 2351 844 2391 convexam
889 2334 1067 2387 lineam
1129 2349 1224 2401 pro
1274 2333 1565 2402 obtegunda
1603 2331 1817 2385 medulla
1853 2331 1956 2397 spi-

348 2429 489 2495 nuli,
547 2443 674 2494 quae
704 2425 834 2477 linea
876 2423 958 2476 hic
998 2423 1142 2476 basin
1193 2439 1288 2490 pro
1336 2423 1557 2491 spinosis
1602 2418 1957 2488 apophysibus

353 2519 574 2583 forman
634 2512 929 2581 apophyses
979 2509 1086 2563 illas
1138 2510 1364 2578 quadrati
1409 2510 1616 2577 ossiculi
1661 2519 1712 2561 et
1765 2522 1957 2574 massae

1840 2613 1946 2651 car-

408 2747 511 2801 (c)
561 2741 990 2786 Wieden1ann⁹s
1031 2741 1219 2784 Archiv.
1259 2741 1314 2783 L.
1358 2742 1392 2800 ζ.
1431 2752 1472 2784 5.
1513 2739 1595 2791 56,
1623 2750 1706 2791 57,
1737 2740 1805 2791 58.

412 2817 512 2870 (d)
550 2817 617 2858 ΙΙ).
651 2817 700 2857 S·
741 2826 810 2866 55·
855 2809 1146 2860 Kuhlius,
1184 2813 1309 2862 quem
1348 2818 1608 2861 praemature
1650 2820 1702 2849 ex
1745 2809 1823 2847 hac
1861 2806 1947 2848 vita

363 2889 553 2940 migrasse
595 2884 724 2937 patria
774 2888 913 2923 nostra
965 2888 1008 2918 et
1060 2878 1258 2919 scientiae
1299 2877 1475 2930 lugent,
1518 2878 1568 2917 de
1623 2878 1747 2929 Raja
1799 2878 1948 2916 baside

364 2957 537 2999 scribit.-
581 2986 614 3006 ‚,
663 2958 760 2997 Wir
792 2954 960 3002 sanden
1002 2951 1054 3003 98
1097 2950 1296 3000 norbet,
1352 2964 1502 2992 wovon
1540 2962 1591 3001 29
1641 2948 1950 2990 Bauchwirbez

371 3028 502 3075 sind3
534 3028 607 3064 der
635 3023 1027 3076 grossczwischen
1043 3019 1123 3059 den
1153 3020 1343 3070 Phygela
1371 3022 1432 3059 ist
1461 3020 1579 3058 nicht
1607 3017 1941 3072 mt‘tgezc'z'lzlt.⁹?

369 3099 583 3148 Beitmige
612 3108 691 3135 zut
728 3095 938 3144 Zoologie
969 3092 1055 3132 und
1084 3091 1415 3142 rergleiclzende
1443 3088 1687 3130 Anatomie.
1711 3099 1781 3141 4t0
1801 3090 1959 3141 Fraus,

364 3166 465 3219 fcere
509 3181 554 3210 a.
586 3168 649 3208 M.
700 3168 815 3208 1320.
851 3166 898 3206 S.
933 3175 1022 3216 135.
1056 3162 1134 3202 der
1160 3162 1321 3202 zwcite
1363 3159 1648 3210 Abthcizung.
