2266 3923
454 164 551 218 106
846 153 1689 217 DISSERTATIO

444 329 749 386 organorum
811 317 1081 382 systemata
1095 351 1114 379 ,
1169 320 1298 380 quae
1357 313 1577 383 primum
1646 314 1699 367 in
1765 312 2052 372 animalium

441 404 571 460 serie
603 417 864 474 apparent.
928 403 1114 459 Ortum
1139 403 1480 460 ossiculorum
1511 401 1954 479 Artediietiam
1987 414 2083 461 ex·

444 493 632 562 vigenti
676 494 729 548 in
770 492 998 562 piscibus
1041 495 1360 564 osteogenesi
1403 495 1752 564 explicandum
1799 508 1910 550 esse
1943 507 2052 550 mo·

438 597 661 637 nunnus.

1180 782 1391 801 m

515 934 656 990 Haec
716 936 913 1000 habui,
978 928 1040 987 de
1113 933 1300 986 sceleto
1354 931 1568 999 piscium
1618 930 1745 1000 qnae
1813 931 2051 988 dicerem-2

441 1026 598 1095 Quod
645 1034 996 1092 argumentum
1037 1034 1306 1091 propterea
1352 1023 1511 1091 elegi,
1553 1021 1669 1089 quia
1689 1061 1708 1090 ,
1746 1021 1862 1074 licet
1910 1022 2055 1089 inep-

442 1128 525 1168 tus
571 1128 621 1166 et
667 1113 751 1167 vix
803 1110 1043 1166 ferendus
1109 1127 1306 1176 essem,
1354 1111 1398 1163 si
1449 1110 1541 1164 hac
1595 1110 1648 1163 in
1712 1110 2054 1185 disputatione

439 1203 564 1256 alios
624 1202 812 1270 aliquid
867 1202 1048 1256 docere
1101 1202 1224 1254 mihi
1284 1217 1566 1271 arrogarem
1584 1241 1602 1268 ‚
1652 1200 1704 1254 id
1751 1213 1916 1256 tamen
1976 1216 2057 1255 me

437 1291 640 1357 assequi
681 1308 837 1360 posse
893 1294 1002 1359 eJ‘us
1055 1290 1372 1345 confectione
1433 1291 1807 1361 intelligebam,
1843 1304 1903 1344 ut
1938 1291 2054 1343 luce

436 1384 762 1437 collustratus
793 1377 986 1448 aliena,
1025 1383 1269 1436 calamum
1307 1384 1611 1450 deponerem
1643 1381 1865 1437 doctior.
1935 1378 2056 1434 Hoc‘

438 1473 641 1538 quidem
687 1473 755 1526 ita
795 1484 852 1527 ut
896 1473 1157 1539 sperabam
1179 1513 1197 1538 ‚
1236 1473 1424 1528 factum
1485 1472 1645 1528 fuisse
1686 1470 1893 1526 candide
1937 1485 2058 1537 pro·

439 1561 621 1628 fiteor;
661 1562 786 1616 illud
828 1576 949 1615 vero
971 1601 988 1627 ‚
1027 1562 1100 1614 uti
1145 1562 1267 1614 mihi
1315 1578 1419 1617 non
1469 1561 1754 1630 proposui,
1790 1561 1862 1615 sic
1907 1560 2055 1614 etiam

437 1665 573 1703 nunc
594 1689 612 1716 ‚
658 1652 719 1703 ad
761 1649 912 1702 finem
957 1651 1200 1716 perducta
1241 1651 1514 1718 scriptione
1535 1691 1554 1717 9
1589 1652 1730 1706 nullo
1773 1651 1927 1703 modo
1967 1665 2052 1702 ex·

439 1752 637 1806 specto,
729 1739 846 1808 Ego
911 1754 1028 1793 cum
1101 1756 1129 1791 a
1207 1740 1421 1806 pueritia
1500 1741 1614 1793 inde
1695 1741 1755 1794 ad
1833 1739 2059 1793 studium

439 1829 666 1882 Historia
724 1829 1016 1894 Naturalis,
1086 1831 1379 1895 praesertim
1435 1832 1715 1897 Zoologiae
1737 1870 1757 1897 ‚
1809 1823 2053 1880 instinctu

443 1921 662 1984 quodam
737 1919 948 1972 naturali
1007 1937 1086 1971 nie
1127 1920 1459 1984 contulerim,
1500 1934 1604 1971 non
1661 1916 1804 1970 facile
1850 1916 1912 1966 ab
1958 1915 2058 1968 hoc

439 2009 610 2063 studio
685 2009 940 2060 detrahere
1001 2025 1080 2057 me
1129 2007 1310 2058 sinam.
1383 2006 1649 2074 Quidquid
1704 2004 1834 2057 enim
1879 2004 1940 2056 de
1983 2003 2059 2056 in·
2144 2044 2152 2047 ,

442 2099 654 2152 utilitate
723 2098 906 2148 horum
964 2095 1247 2148 studiorum
1316 2094 1477 2160 iniqui
1546 2094 1748 2161 quidam
1823 2093 2053 2146 homines

443 2196 743 2250 susurrent,
801 2183 852 2236 id
909 2198 1060 2236 omne
1115 2199 1293 2249 parum
1356 2200 1480 2237 curo
1499 2224 1516 2250 ‚
1571 2201 1687 2237 cum
1728 2183 2059 2238 immortalem

446 2270 2055 2340 Swammerdammium‚Linnaeum‚Camperum

441 2371 798 2430 intuear,cum
828 2364 1056 2432 inprimis
1090 2363 1129 2415 B
1149 2362 1619 2429 rugmansium
1654 2376 1921 2430 nostrum,
1966 2379 2055 2417 cu·-

444 2460 527 2526 jus
558 2455 749 2510 utinam
789 2453 897 2520 ipse
946 2467 1071 2507 usus
1118 2450 1329 2505 fuissem
1383 2450 1729 2505 institutione!
1771 2453 1822 2505 in
1869 2467 2058 2505 memo-

446 2547 568 2599 riam
592 2559 858 2608 revocem,
899 2557 1049 2607 quem
1083 2540 1402 2608 ingeniosum
1434 2553 1483 2593 et
1508 2540 1817 2598 indefessum
1848 2542 2058 2596 naturae

447 2647 777 2689 scrutatorem
834 2643 981 2684 etiam
1013 2645 1148 2683 nunc
1189 2629 1347 2696 patria
1385 2632 1560 2699 luget,
1601 2644 1649 2685 et
1696 2647 1928 2699 semper,
1959 2628 2057 2684 nisi

447 2727 535 2779 illo
569 2723 770 2791 indigna
814 2722 935 2787 fiat,
965 2720 1174 2788 lugebit.
1248 2720 1361 2774 Hos
1391 2720 1544 2789 igitur
1573 2721 1708 2774 viros
1733 2761 1751 2787 ‚
1804 2737 1920 2776 cum
1964 2720 2056 2773 mi-

450 2816 503 2866 hi
544 2814 709 2866 animo
757 2824 806 2864 et
849 2811 1155 2878 cogitatione
1189 2823 1463 2877 propOnO,
1495 2811 1692 2865 nullum
1725 2812 1824 2879 J'am
1869 2810 2054 2862 horum

451 2902 734 2956 studiorum
788 2911 1046 2953 auctorem
1094 2897 1321 2963 requiro.
1397 2898 1453 2949 Id
1507 2898 1707 2952 demum
1779 2898 2053 2965 pulchrum

452 3010 507 3046 ac
557 2994 794 3045 decorum
839 2989 1012 3058 putavi
1060 3001 1118 3043 ut
1141 3028 1159 3055 9
1199 2990 1240 3042 si
1312 2987 1435 3054 quid
1489 2987 1540 3040 in
1582 3004 1660 3041 me
1693 2987 1842 3042 fuerit
1875 2985 2061 3040 virium*

453 3094 606 3148 atque
650 3095 958 3147 nervorum,
999 3078 1047 3132 id
1107 3092 1255 3131 omne
1311 3075 1608 3130 contuleriin
1661 3077 1722 3129 ad
1778 3074 2054 3144 pulcherri-

1916 3179 2020 3218 mae
2036 3202 2055 3230 ,
