2266 3923
439 276 510 329 66
830 236 1668 329 nissERT‘ATio

446 427 508 483 In
539 418 721 482 Siluro
751 425 992 481 electrico
1038 428 1244 496 (genus
1279 413 1658 497 Malapterure
1676 469 1695 495 ,
1738 422 1787 481 L
1806 439 1833 482 a
1851 445 1878 481 c
1906 411 2050 498 ep.)

448 517 588 573 deest
630 518 753 570 haec
806 516 990 585 spina,
1043 528 1093 570 et
1146 514 1426 585 apophysis
1474 518 1766 571 coraco'idea
1813 533 1963 584 parva
2008 526 2059 571 et

451 596 617 662 tenuis
671 605 770 661 sub
813 607 1122 677 tegumentis
1176 607 1488 661 reconditur.
1562 609 1645 661 Ex
1691 603 2060 674 compensatio-

447 695 530 750 nis
584 696 694 765 lege
752 696 852 750 hoc
918 696 1110 755 factum
1174 714 1285 752 esse
1348 712 1524 750 omnes
1599 697 1876 764 intelligent
1896 737 1914 762 ,
1971 695 2059 763 qui

449 782 622 837 'sciunt
696 784 935 838 Silurum
998 787 1299 838 electricicm
1328 822 1346 848 ,
1401 801 1520 836 cum
1567 787 1799 838 electrico
1851 786 2062 854 gaudeat

395 877 400 883 '
449 884 727 943 apparatU‚
775 874 884 930 aliis
928 875 1077 929 armis
1118 888 1229 926 esse
1270 870 1569 939 praeditum.

521 963 756 1016 Transeo
819 964 883 1015 ad
943 962 1332 1029 descriptionem
1389 962 1600 1012 humeri
1619 1000 1638 1026 ,
1694 961 1845 1014 radii
1907 974 2060 1028 atque

451 1052 650 1119 ulnae,
721 1065 851 1119 quae
930 1067 1048 1106 ossa
1121 1051 1426 1118 plerumque
1497 1050 1548 1103 in
1610 1064 1761 1103 unam
1827 1052 2058 1105 laminam

449 1142 705 1214 coaluere.
780 1141 839 1194 In
883 1141 978 1195 hac
1015 1141 1197 1194 lamina
1238 1152 1430 1208 puncta
1469 1140 1643 1193 saltem
1677 1140 2069 1208 ossificationiS,

447 1229 746 1299 praesertim
810 1229 863 1282 in
914 1228 1059 1285 Gadi
1103 1245 1285 1298 genere
1308 1270 1326 1296 ,
1377 1228 1714 1285 observantur
1733 1271 1752 1297 ,
1813 1246 1941 1296 quae
1983 1247 2061 1284 ra-

447 1320 623 1386 tione,
677 1331 780 1385 qua
811 1319 942 1372 inter
985 1319 1092 1372 fere
1141 1320 1355 1375 invicem
1391 1319 1559 1387 posita
1603 1332 1757 1385 sunt,
1807 1337 1925 1376 cum
1975 1337 2061 1374 os-

444 1408 621 1478 sibus,
677 1426 807 1477 quae
846 1407 981 1475 dixi,
1036 1411 1304 1463 commode
1355 1409 1636 1476 comparari
1678 1427 1834 1476 posse
1887 1410 2058 1464 viden-

448 1512 555 1556 tur.
641 1501 701 1554 In
759 1492 950 1569 juniori
1009 1499 1150 1566 pisce
1211 1500 1305 1554 hae
1372 1514 1539 1568 partes
1586 1500 1888 1569 cartilaginis
1951 1514 2062 1555 tan-

445 1600 561 1644 tum
618 1604 719 1655 ope
783 1586 1088 1654 cohaerent,
1153 1601 1238 1654 et,
1301 1589 1417 1642 licet
1469 1589 1522 1640 in
1568 1589 1740 1643 adulto
1768 1589 1907 1656 pisce
1937 1604 2060 1643 con-

443 1688 710 1742 crescant,
779 1676 1110 1730 maceratione
1167 1690 1337 1732 tamen
1402 1696 1431 1732 a
1483 1696 1538 1733 se
1583 1678 1796 1732 invicem
1839 1691 2062 1745 possunt

446 1765 668 1840 sejungi.
740 1762 1005 1819 Difficilius
1051 1776 1307 1832 tamquam
1355 1784 1443 1832 ea,
1499 1783 1629 1832 quae
1677 1783 1848 1820 revera
1901 1778 2057 1832 sunt,

446 1856 659 1929 agnosci
715 1866 939 1923 possunt
999 1872 1117 1910 ossa
1174 1874 1292 1911 cum
1337 1857 1439 1911 sint
1493 1856 1748 1911 claviculis
1788 1856 2056 1922 parallela,

443 1963 585 2018 pone
619 1960 832 2013 quarum
867 1955 1144 2000 extremum
1189 1946 1356 2012 posita
1407 1946 1726 2012 reperiuntur
1759 1945 2049 2011 marginem.

445 2037 509 2091 In
572 2034 772 2105 Lophio
836 2043 1003 2084 tamen
1061 2045 1111 2086 et
1167 2035 1444 2105 Polyptero
1512 2035 1676 2087 forma
1716 2034 1825 2099 ipsa
1876 2035 2054 2089 harum

443 2138 711 2179 'ossearum
793 2121 1012 2186 partium
1084 2135 1311 2177 naturam
1359 2139 1526 2177 earum
1595 2138 1691 2174 nos
1746 2123 1913 2179 docet.
2000 2125 2059 2177 In

442 2210 625 2280 lophio
685 2207 888 2276 quidem
948 2225 1008 2263 os
1080 2210 1278 2264 humeri
1331 2227 1447 2264 cum
1497 2212 1700 2277 scapula
1745 2224 1903 2284 aetate
1936 2230 2058 2266 con-

445 2300 629 2356 crescit
646 2338 666 2364 ,
737 2297 791 2351 in
842 2301 1115 2368 polyptero
1160 2317 1282 2355 vero
1334 2316 1534 2367 semper
1590 2300 1898 2368 disjunctum
1957 2321 2058 2357 ma-

444 2402 556 2448 net.
628 2387 825 2443 Radius
873 2402 924 2443 et
976 2393 1095 2446 ulna
1141 2391 1193 2444 in
1233 2391 1409 2457 lophio
1450 2390 1580 2444 facili
1611 2391 1816 2458 negotio
1869 2392 2054 2444 discer-

446 2491 681 2544 nuntur,
757 2488 807 2529 et
849 2494 966 2532 cum
1014 2481 1237 2548 ejusdem
1289 2479 1505 2533 nominis
1556 2479 1759 2533 ossibus
1808 2479 1860 2532 in
1900 2495 2055 2532 mam-

444 2568 663 2627 malibus
737 2567 1106 2635 reptilibusque
1162 2569 1502 2637 conveniunt,
1570 2586 1598 2621 a
1647 2569 1831 2634 quibus
1873 2568 1925 2620 in
1962 2585 2055 2635 po-

448 2663 654 2732 lyptero
697 2658 749 2711 in
797 2657 896 2709 hoc
936 2669 1133 2712 tantum
1191 2658 1430 2712 differunt
1451 2696 1469 2724 ,
1521 2658 1661 2724 quod
1702 2675 1731 2710 a
1758 2658 2051 2712 seinvicem

445 2750 680 2820 (angulo
739 2756 839 2815 45⁹
909 2745 1089 2814 facto)
1148 2748 1414 2813 recedant,
1484 2759 1541 2801 ut
1592 2764 1705 2801 sese
1746 2749 2048 2812 extendant,

450 2852 503 2894 et
550 2839 699 2908 largis
754 2836 1059 2905 marginibus
1104 2852 1310 2903 carpum
1361 2835 1608 2904 excipiant
1652 2837 2048 2901 sustineamque.

451 2931 726 2983 Caeterum
785 2928 1027 2980 humerus
1083 2926 1239 2993 magis
1299 2938 1618 2992 antrorsum,
1678 2943 1793 2979 ossa
1839 2925 2052 2978 antibra-

446 3017 548 3072 chii
582 3031 902 3084 postrorsum
937 3016 1093 3084 magis
1139 3032 1253 3070 cum
1283 3017 1519 3072 clavicula
1536 3018 2045 3085 conJ’maguntur(n).

1901 3105 2057 3177 Quod

502 3215 614 3267 (n)
653 3215 770 3257 Ann.
814 3215 870 3254 du
907 3215 1028 3256 Mus.
1080 3215 1137 3260 Τ.
1175 3228 1216 3257 ε.
1241 3223 1289 3266 p.
1332 3212 1556 3264 365-368.
