2266 3923
597 249 683 289 mr.
743 225 1081 288 SCELETO
1151 229 1464 288 PISCIUM.
1753 240 1819 295 61

233 388 336 458 iam
383 385 448 442 ab
492 382 850 451 antiquissimis
905 381 1223 451 temporibus
1278 399 1580 456 perspexere
1641 390 1822 445 20610-

233 477 318 547 gi3
371 488 420 530 et
466 476 604 542 quod
642 477 744 544 jam
783 474 949 542 aliqua
988 474 1178 528 ratione
1222 474 1524 528 intellexisse
1562 472 1822 534 videbatur

227 562 695 629 Aristoteles,
745 562 798 616 id
842 563 1171 618 Artedius
1213 575 1264 617 et
1313 563 1637 619 Gouanus
1681 580 1824 632 prae·
1892 556 1894 562 ⁸

230 651 400 707 sertim
461 667 489 703 e
530 651 890 705 recentioribus
948 651 1199 718 persecuti
1244 663 1382 706 sunt.
1458 653 1603 724 Quae
1652 666 1819 710 autem

235 740 403 804 Vicq
447 738 731 806 d’Azyr,
779 738 1061 804 Cuvier,
1108 740 1456 807 Lacepede
1500 742 1684 809 aliique
1730 744 1825 799 hac

234 827 297 880 de
338 843 393 879 re
424 825 538 880 dein
571 827 778 882 attulere
798 866 816 893 ‚
866 842 973 879 non
1009 826 1074 880 ita
1123 828 1254 880 clarc
1294 845 1400 882 rem
1442 830 1722 886 confecisse
1750 833 1829 888 vi·

228 917 447 982 dentur,
514 930 668 982 quam
719 931 775 967 ea
798 952 818 980 ,
849 931 978 980 quae
1026 926 1148 982 post
1178 911 1274 968 h'os
1325 913 1461 969 viros
1498 931 1606 970 ‘nos
1652 919 1826 975 docuit

229 1005 547 1059 acutissimus
583 1002 1495 1070 Geoffroy-Saint-Hilaire
1523 1005 1653 1074 (i).
1714 1008 1826 1063 Cu.

223 1095 310 1162 jus
360 1094 603 1147 sententia
645 1080 760 1147 cum
812 1091 961 1144 nobis
1011 1090 1359 1145 verisimillima
1401 1092 1596 1149 videtur
1611 1134 1632 1161 ‚
1680 1095 1825 1152 liceat

232 1197 350 1236 ossa
401 1181 592 1248 :pinnae
654 1179 923 1247 pectoralis
982 1179 1041 1233 iis
1067 1219 1086 1244 ‚
1154 1196 1284 1245 quae
1346 1181 1407 1234 ab
1469 1197 1531 1236 eo
1583 1197 1825 1253 usurpata

232 1281 390 1335 sunt,
444 1268 720 1323 describere
762 1266 1075 1320 nominibus·
1151 1265 1365 1320 Difficile
1406 1283 1525 1322 sane
1564 1269 1664 1324 fuit
1708 1286 1826 1340 apta

220 1359 301 1412 his
333 1359 535 1413 ossibus
586 1359 702 1412 dare
754 1357 994 1424 nomina,
1050 1357 1224 1423 deque
1274 1357 1334 1411 iis
1358 1397 1377 1423 ,
1409 1359 1532 1425 quid
1591 1360 1694 1414 sint
1716 1400 1735 1427 ,
1767 1373 1822 1415 et

227 1463 345 1501 cum
389 1448 690 1514 quibusnam
732 1446 1062 1514 comparanda
1082 1487 1099 1513 ‚
1130 1459 1270 1501 certo
1301 1449 1518 1517 docere3
1569 1466 1696 1517 quae
1724 1450 1823 1506 dif-

230 1534 428 1589 ficultas
486 1535 599 1587 inde
643 1536 934 1601 praesertim
985 1533 1104 1587 oriri
1155 1534 1354 1589 Videtur
1379 1573 1398 1600 ‚
1456 1539 1597 1602 quod
1641 1539 1822 1592 haecce

223 1622 442 1677 anterior
468 1622 748 1677 extremitas
767 1662 785 1688 9
824 1634 883 1676 ut
917 1622 1010 1675 Ge
1027 1620 1217 1675 offro
1236 1639 1272 1689 y
1300 1622 1578 1677 luculenter
1610 1639 1705 1679 nos
1727 1627 1821 1680 do-

223 1713 363 1780 cuit,
412 1727 532 1780 post
575 1714 829 1780 pectorale
875 1729 1053 1766 cavum
1096 1711 1190 1765 sita
1237 1711 1303 1765 sit
1327 1751 1346 1778 ,
1400 1723 1450 1764 et
1490 1725 1655 1767 tamen
1693 1732 1814 1772 cum

220 1802 390 1855 cranio
446 1803 733 1870 conjuncta.

294 1890 491 1942 Cavum
534 1889 755 1955 pectoris
800 1885 1080 1953 posteriora
1132 1904 1308 1942 versus
1354 1887 1534 1941 desinit
1578 1890 1814 1957 pluribus

223 1977 426 2032 ossibus
450 2017 469 2043 ,
519 1991 738 2043 quorum
783 1976 1026 2028 nonnulla
1069 1975 1121 2027 in
1165 1975 1291 2028 serie
1335 1976 1683 2032 semicirculari
1712 1980 1816 2034 dis-

221 2065 387 2132 posita
429 2076 567 2119 sunt.
644 2063 720 2115 Os
759 2063 1082 2130 praecipuum
1101 2103 1119 2129 ‚
1173 2065 1313 2129 quod
1347 2065 1631 2120 membrana
1666 2067 1816 2122 bran-

219 2154 477 2222 chiostega
556 2151 863 2218 obducitur,
952 2152 1230 2206 Clavicula
1310 2154 1602 2208 Gouano
1674 2159 1816 2213 audit

207 2253 360 2310 atque
410 2242 458 2295 L
472 2259 500 2296 a
514 2257 540 2293 c
554 2257 580 2292 c
596 2257 631 2309 p
648 2257 675 2294 e
691 2240 799 2294 dio
819 2259 838 2309 3
893 2257 1068 2296 verum
1113 2243 1259 2312 juxta
1287 2242 1586 2298 sententiam
1621 2246 1809 2302 Claris-

1741 2353 1814 2391 si·

275 2436 367 2488 (ἱ)
409 2439 608 2478 Premier
644 2438 854 2478 Mdmoire
889 2450 970 2478 sur
1006 2440 1071 2480 les
1108 2440 1346 2492 Poissons,
1377 2455 1428 2482 ou
1459 2442 1563 2483 l'vn
1600 2451 1803 2496 compare

221 2506 288 2549 les
324 2508 468 2559 pieces
509 2520 709 2548 osseuses·
755 2509 807 2547 de
848 2508 971 2548 leurs
1023 2509 1255 2561 nageoires
1292 2513 1544 2562 pectorales
1584 2527 1691 2557 avec
1736 2517 1802 2556 les

221 2591 268 2619 os
310 2581 362 2618 de
400 2579 688 2620 l'extremitd
728 2578 981 2618 anterieure
1020 2579 1095 2617 des
1152 2586 1308 2618 autres
1353 2582 1570 2624 animaux
1620 2584 1648 2623 ὰ
1700 2596 1802 2626 νεν-

223 2649 386 2690 tebrcs.
443 2649 591 2690 Annal
617 2650 673 2688 du
703 2650 825 2691 Mus.
857 2646 1046 2691 d'Hist.
1102 2650 1276 2692 Natur.
1324 2651 1376 2694 T.
1421 2651 1501 2694 IX.
1539 2662 1628 2703 4t0.
1658 2653 1797 2693 Paris

222 2719 342 2770 1807.
381 2727 429 2768 p.
471 2728 695 2765 357-372.
726 2739 778 2749 —-
809 2719 973 2758 Second
1012 2719 1143 2760 Μόνη.
1176 2720 1536 2761 Considlratt‘ons
1574 2735 1655 2762 sur
1696 2721 1796 2763 l’os

209 2786 498 2839 famularia,
541 2799 622 2826 une
662 2788 738 2826 a'es
777 2789 919 2839 pieces
957 2788 1083 2827 dela
1122 2789 1348 2839 Nageoire
1384 2792 1609 2842 pectorale
1646 2790 1704 2832 ib.
1744 2799 1794 2843 p.

210 2865 439 2909 413-427.
496 2859 647 2898 Denuo
676 2866 804 2898 totam
832 2869 918 2898 rem
947 2867 1186 2909 persecutus
1214 2869 1276 2900 est
1311 2859 1399 2901 fuse
1441 2871 1567 2912 atque
1603 2870 1798 2902 accurate

217 2926 261 2968 in
287 2938 443 2978 opere,
474 2927 541 2968 cui
558 2927 703 2969 titulus
759 2957 795 2979 „
813 2929 1092 2977 philosophie
1133 2928 1492 2983 Anacomique,”
1524 2933 1658 2980 sieme
1692 2934 1791 2974 Me.

217 2998 351 3037 moire
374 3005 422 3051 p.
451 2997 676 3048 4070485.
732 2996 779 3035 In
810 3008 860 3037 eo
886 2997 1066 3037 mutavit
1089 2999 1336 3040 senteutiam
1364 3000 1433 3040 vir
1459 3000 1541 3045 cel.
1560 3032 1575 3053 ,
1603 3004 1717 3052 quod
1743 3014 1790 3044 os

213 3072 333 3105 autea
347 3065 552 3106 furculare
569 3067 621 3106 ab
649 3077 700 3105 eo
715 3065 870 3107 dictum
889 3069 914 3117 (
931 3067 1045 3109 Ann.
1075 3070 1132 3107 du
1162 3071 1284 3110 Mus.
1300 3071 1326 3121 )
1351 3070 1392 3110 in
1407 3071 1675 3124 Philosophia
1690 3085 1790 3113 ana.

211 3133 362 3177 tomica
389 3147 461 3191 pro
490 3135 717 3179 claviculae
745 3136 1010 3179 coracoideae
1033 3136 1209 3191 analogo
1228 3140 1462 3185 habendum
1491 3154 1577 3185 esse
1602 3152 1785 3189 censeat·

1003 3208 1127 3275 Hs
