2266 3923
405 273 519 348 54³*
783 262 1685 341 D'rssERTATlo'

418 428 732 485 barbatula.
824 428 1031 504 Spinosi
1094 421 1461 494 vertebrarum
1455 471 1474 500 ,
1525 414 1743 515 ossicula
1828 415 2027 522 laudata¹
2051 487 2064 508 ,-

421 520 811 588 sustinentium,
849 539 1122 596 processus
1161 520 1435 590 crescunt,
1482 534 1533 576 et
1559 538 1588 576 a
1613 519 1828 591 corpore
1866 534 2029 578 verte-

423 610 622 665 brarum
684 613 1055 682 sejunguntur,
1108 613 1160 666 in
1208 629 1326 690 ossa
1368 613 1514 681 plana
1558 612 1756 667 mutati.
1828 612 1888 667 In
1944 628 2032 682 cy·

417 702 594 769 prinis
649 712 699 752 et
760 696 981 755 cobitide
1016 701 1160 757 etiam
1208 701 1481 765 transversi
1527 717 1802 780 processus
1845 695 2034 755 incres-

424 797 585 853 cunt,
641 790 691 839 et
737 787 975 844 cavitates
1018 787 1242 845 laterales
1288 790 1510 874 habent,
1548 789 1742 874 quibus
1817 770 2036 849 ossicula

425 875 629 929 auduus
662 876 1010 938 includuntur.

505 966 563 1018 In
632 965 815 1019 siluro
876 966 1041 1035 glane
1078 965 1334 1035 vertebrae
1382 976 1486 1021 tres
1527 964 1814 1049 superiores
1859 975 2046 1038 auctae

429 1059 552 1108 sunt
612 1052 1003 1123 magnitudiniS,
1052 1071 1229 1110 verum
1277 1054 1413 1110 haud
1454 1054 1524 1109 ita
1567 1064 1787 1109 mutatae
1820 1037 2035 1107 formae.

433 1145 562 1208 „In
622 1144 860 1218 omnibus
923 1162 1046 1200 vero
1119 1146 1197 1200 his
1248 1146 1475 1214 piscibus
1493 1185 1512 1213 ,
1579 1145 1773 1211 silure,
1819 1137 2042 1198 cobitide

434 1245 482 1284 et
512 1235 736 1301 cyprino
789 1247 891 1288 tres
930 1234 1117 1302 primae
1155 1235 1413 1303 vertebrae
1447 1235 1516 1289 ita
1564 1230 1938 1312 concrescunt,
1976 1241 2038 1287 ιιι

433 1336 539 1374 ιιοιι
593 1323 758 1375 solum
814 1325 952 1376 omni
989 1323 1262 1379 mobilitate
1313 1335 1547 1391 careant,
1603 1324 1696 1399 sed
1743 1323 1891 1377 etiam
1934 1334 2037 1401 tam

436 1410 645 1464 firmiter
709 1412 921 1465 invicem
986 1427 1242 1467 connexae
1313 1413 1456 1480 sint,
1501 1424 1561 1468 ut
1613 1395 1885 1479 coquendo
1931 1397 2044 1491 tan·

440 1514 545 1553 tuni
594 1501 805 1560 invicem
853 1502 1070 1597 separari
1114 1501 1352 1570 possint”
1404 1503 1432 1570 (
1451 1502 1559 1570 x).
1634 1500 1828 1555 Omnes
1856 1499 1910 1553 hi
1940 1483 2046 1567 pis-.-

440 1604 558 1654 ceS,
599 1606 730 1655 quos
795 1591 929 1657 dixi,
963 1592 1169 1658 apicem
1227 1586 1390 1644 mallei
1448 1590 1648 1658 semper
1695 1589 1828 1657 parti
1868 1605 2047 1658 supre-

441 1691 551 1728 mae
578 1678 785 1731 vesicae
835 1679 1106 1734 natatoriae
1134 1680 1481 1734 adhaerentem
1525 1679 1730 1734 habent.
1803 1676 2045 1754 Instructi

444 1778 564 1818 sunt
611 1765 816 1822 duobus
863 1772 1025 1822 atriis
1065 1787 1211 1823 smus
1250 1772 1507 1841 imparis,
1545 1770 1599 1823 in
1628 1767 1857 1850 vertebra
1884 1752 2058 1847 prima

439 1871 603 1922 prope
669 1856 899 1923 foramen
959 1846 1195 1927 magnum
1263 1857 1524 1926 occipitale
1595 1858 1743 1926 sitis,
1807 1870 1858 1912 et
1929 1834 2061 1913 cum²

438 1945 672 2000 fenestris
703 1948 979 2001 ovalibus‘
965 1963 1017 2000 ιιι
1047 1950 1252 2007 homine
1278 1949 1658 2015 comparandis,
1695 1964 1813 2003 cum
1851 1960 2049 2018 utrum-

442 2045 542 2100 que
558 2035 758 2087 atrium
813 2034 956 2099 sinus
1008 2035 1211 2102 imparis
1275 2051 1304 2090 a
1341 2027 1547 2110 stapede
1581 2037 1690 2105 eJ‘us
1737 2036 1905 2098 lateris
1923 2076 1942 2104 ,
1997 2037 2052 2092 in

450 2137 557 2189 quo
608 2123 760 2176 situm
830 2135 939 2188 est,
996 2115 1314 2189 claudatur,
1343 2135 1394 2177 et
1426 2136 1596 2207 stapes
1649 2122 1720 2205 ab
1760 2140 1822 2202 eo
1866 2124 1922 2178 vi
1967 2142 2056 2194 ve-

444 2212 574 2265 sicae
638 2209 910 2264 natatoriae
972 2212 1054 2266 vel
1099 2200 1318 2276 abduci,
1374 2205 1458 2266 vel
1510 2199 1573 2268 ad
1615 2213 1667 2267 id
1702 2213 1917 2282 apprimi
1958 2187 2065 2282 po?

447 2312 567 2354 test.
638 2299 748 2352 Hac
791 2300 947 2370 igitur
987 2295 1181 2356 ratione
1221 2301 1414 2373 colligit
1454 2320 1614 2382 aquae
1666 2296 2061 2360 contremiscem

454 2392 518 2444 tis
564 2403 811 2445 tremores
853 2392 1016 2446 vesica
1072 2394 1320 2456 natatoria
1345 2434 1364 2460 ,
1416 2385 1814 2478 communicatos
1856 2410 1972 2449 cum
2000 2411 2060 2449 ea

451 2495 552 2548 ope
612 2480 955 2537 vertebrarum
976 2520 996 2547 ,
1071 2482 1261 2548 quibus
1318 2484 1461 2537 affixa
1507 2475 1651 2564 est,
1677 2497 1729 2538 et
1767 2471 2068 2559 costarum,

463 2584 588 2634 quas
640 2567 831 2636 tangit,
890 2569 990 2622 hos
1038 2570 1153 2623 dein
1193 2571 1515 2639 elasticitate,
1575 2589 1675 2639 qua
1703 2586 1781 2629 est
1806 2572 2016 2628 maxima
2037 2612 2058 2640 ,

458 2668 635 2711 auctos
676 2657 915 2713 transfert
958 2659 1010 2711 in
1053 2659 1273 2714 ossicula
1318 2661 1605 2728 auditoria,
1642 2678 1671 2715 a
1703 2649 1890 2738 quibus
1909 2661 2071 2716 atrio-'

456 2757 567 2800 rum
613 2757 662 2799 et
709 2747 849 2801 sinus
905 2747 1109 2815 imparis
1156 2765 1316 2816 aquae
1356 2750 1559 2820 traditi,
1597 2751 1659 2805 ad
1712 2742 1880 2820 ipsum
1917 2751 2057 2822 labyf·

458 2836 678 2891 rinthum
720 2834 1155 2901 membranaceum
1199 2837 1410 2892 veniunt
1452 2840 1478 2902 s
1495 2824 1604 2907 y).

536 2925 594 2976 In
640 2924 758 2978 aliis
827 2923 1053 2991 piscibus
1119 2925 1285 2979 vesica
1339 2927 1579 2983 natatoria
1634 2941 1737 2997 non
1782 2924 2058 2999 ossiculis,
2102 2989 2107 2994 .

574 3009 575 3012 ,
1691 3001 1716 3009 -
1974 3030 2060 3088 ve·
2100 3006 2102 3008 .

520 3134 639 3189 (x)
678 3137 889 3176 Weber
926 3137 982 3177 L.
1030 3137 1063 3178 l.
1105 3145 1151 3187 p.
1194 3135 1265 3182 85.

520 3208 628 3261 (y)
670 3208 785 3249 Idem
826 3208 884 3250 ib.
929 3219 973 3260 p.
1018 3219 1084 3254 50.
1134 3207 1207 3252 Cf.
1245 3217 1295 3261 p.
1336 3218 1428 3258 130.
