2266 3923
356 279 393 344 8
685 268 1630 330 PROLEGOMENA.

369 427 763 490 masticationem
815 439 864 480 et
925 423 1323 493 deglutitionem.
1396 422 1514 493 Qua
1558 421 1610 475 in
1661 440 1715 476 re
1755 422 1971 477 animad-

371 520 667 576 vertendum
705 528 783 570 est
827 531 943 572 ossa
993 530 1192 581 semper
1244 513 1610 581 symmetricam
1654 513 1782 565 illam
1829 528 1972 566 mon-

373 623 530 666 strare
600 604 982 676 dispositionem
999 642 1018 669 ‚
1099 617 1249 669 quam
1312 601 1511 669 organis
1568 600 1695 655 vitae
1751 601 1975 655 animalis

376 698 632 769 propriam
705 711 819 749 esse
894 692 1093 747 monuit
1144 690 1503 757 Bichatus;
1573 706 1635 745 ex
1683 705 1788 756 quo
1841 703 1976 757 patet

312 832 314 835 .
377 801 588 844 naturae
632 800 784 844 suum
826 800 1026 852 semper
1055 794 1287 837 constare
1316 779 1674 835 immutabilem
1712 780 1934 836 ordinem
1953 819 1976 845 ‚

378 879 497 945 quia
523 890 745 946 systema
765 889 969 930 osseum
987 913 1006 939 ‚
1028 873 1170 938 quod
1187 870 1433 937 imprimis
1453 869 1582 922 vitae
1603 869 1798 922 animali
1828 869 1986 926 inser.

376 967 453 1023 vit
465 1007 485 1034 ,
503 967 648 1020 etiam
680 977 789 1020 tum
811 1005 830 1032 ‚
847 979 964 1018 cum
982 962 1114 1018 vitae
1128 959 1389 1028 organicae
1401 956 1747 1017 functionibus
1763 960 1983 1014 dicatum

378 1068 459 1111 est
478 1097 497 1123 ‚
552 1056 810 1110 animalem
829 1093 850 1122 ,
880 1065 940 1108 ut
970 1051 1038 1106 ita
1074 1050 1232 1122 dicam
1253 1089 1272 1117 9
1305 1065 1586 1115 numquam
1614 1050 1835 1116 deponat
1869 1048 1985 1102 cha-

373 1159 635 1200 racterem.

455 1233 580 1287 Tria
642 1244 764 1288 sunt
823 1241 1094 1299 systemata
1146 1243 1451 1297 organorum
1469 1267 1489 1295 ,
1558 1243 1686 1294 quae
1733 1221 1796 1280 ad
1834 1227 1983 1282 vitam

324 1375 328 1377 .
378 1322 640 1377 animalem
671 1319 963 1388 pertinent3
1003 1320 1172 1387 ipsum
1217 1317 1407 1372 scilicet
1445 1329 1667 1385 systema
1708 1331 1946 1371 nerveum
1967 1356 1986 1382 ‚

376 1425 532 1481 atque
584 1413 709 1466 illud
774 1426 1081 1479 organorum
1141 1420 1192 1463 et
1245 1423 1430 1463 sensus
1479 1422 1531 1464 et
1580 1420 1773 1463 motus.
1847 1408 1989 1462 Haec

378 1504 547 1563 omnia
587 1517 680 1555 sua
723 1500 821 1554 sibi
869 1499 1056 1552 habent
1094 1514 1234 1551 ossa.

455 1591 543 1645 Ad
595 1590 749 1644 vitam
803 1589 1086 1656 organicam
1154 1586 1304 1639 etiam
1369 1597 1475 1639 tres
1536 1585 1790 1650 pertinent
1838 1599 1991 1650 appa·

374 1692 520 1735 ¹ratus
538 1719 559 1745 ,
623 1677 961 1732 circulationis
1030 1675 1265 1728 nimirum
1288 1712 1308 1740 ‚
1370 1673 1739 1727 assimilationis
1808 1684 1860 1726 et
1911 1688 1989 1726 se-

375 1766 619 1822 cretionis
678 1778 974 1834 systemata.
1060 1766 1146 1818 Ad
1210 1774 1433 1831 systema
1485 1761 1778 1816 secretionis
1859 1760 1989 1814 refe-

378 1855 535 1915 tenda
597 1865 676 1910 est
733 1853 1032 1922 respirati03
1107 1862 1324 1916 utraque
1401 1849 1534 1902 enim
1593 1860 1645 1901 et
1710 1847 1989 1903 secretione

376 1957 431 1999 et
489 1943 819 2011 respiratione
886 1941 1113 1996 materies
1189 1937 1423 2007 organica
1487 1937 1542 1990 in
1605 1938 1845 1990 elementa
1897 1954 1988 1992 sua

377 2031 771 2102 decomponitur
823 2044 875 2086 et
927 2040 1228 2097 evaporatur
1245 2066 1266 2094 ,
1331 2026 1413 2080 vel
1470 2023 1617 2078 etiam
1682 2024 1845 2079 forma
1904 2042 1989 2079 so-

380 2123 547 2183 lidiori
595 2122 908 2186 eliminatur,
963 2135 1063 2185 qua
1103 2116 1292 2170 ratione
1352 2115 1462 2181 ipse
1521 2114 1602 2166 ille
1658 2115 1795 2167 vitae:
1844 2114 1989 2182 quasi

380 2214 556 2267 motus
613 2210 801 2265 aeterni
862 2209 1082 2262 circulus
1148 2206 1200 2258 in
1264 2220 1480 2271 corpore
1538 2203 1778 2271 organico
1823 2202 1993 2261 absol.-

377 2300 516 2355 vitur
557 2298 690 2365 (i).
767 2296 1000 2365 Systema
1047 2293 1386 2348 circulationis
1430 2292 1572 2359 priva
1610 2308 1727 2345 ossa
1771 2307 1878 2344 non
1906 2292 1992 2345 ha-

384 2386 507 2441 bere
551 2384 784 2452 videtur3
823 2395 1014 2436 caetera
1041 2398 1163 2437 vero
1209 2392 1479 2449 systemata
1507 2397 1625 2434 ossa
1648 2397 1740 2435 sua
1781 2380 1990 2436 habent.

457 2473 766 2529 Functiones
783 2511 802 2538 ‚
846 2488 972 2537 quas
1009 2469 1410 2523 enumeravimus
1428 2507 1448 2535 5
1470 2471 1533 2522 ad
1573 2469 1724 2523 vitam
1750 2469 1994 2524 individui

383 2562 641 2632 pertinent
709 2576 907 2614 omnes,
992 2558 1135 2610 Aliae
1183 2569 1338 2622 sunt,
1399 2575 1610 2623 quarum
1655 2574 1756 2625 ope
1798 2559 1993 2626 species

384 2652 499 2722 ipsa
552 2651 710 2707 veluti
748 2648 1099 2719 reproducitur
1118 2686 1137 2713 ‚
1185 2664 1416 2713 quaeque
1476 2648 1539 2700 ad
1590 2647 1739 2701 vitam
1762 2688 1781 2714 ‚
1844 2666 1996 2715 quam

384 2741 572 2807 speciei
626 2752 849 2805 vocant,
902 2738 1209 2790 referuntur.
1285 2736 1398 2789 Alia
1452 2738 1786 2805 generationis
1837 2739 2033 2793 officia⁴

377 2829 446 2884 ab
487 2829 747 2884 individuo
795 2828 1078 2883 masculino
1132 2839 1469 2894 peraguntur,
1524 2844 1552 2880 a
1592 2826 1837 2880 femin-ino
1879 2827 1989 2879 alia.

385 2918 471 2969 Ex
530 2918 720 2983 quibus
792 2914 1079 2985 conjunctis
1136 2914 1427 2983 embryonis
1477 2916 1671 2984 genesis
1719 2914 1993 2981 proficisci-

382 3018 505 3074 tur,
569 3008 719 3075 cujus
773 3006 1063 3063 evolutione
1125 3006 1456 3071 generationis
1515 3023 1648 3073 opus
1691 3006 1989 3060 absolvitur.

1893 3094 1999 3150 Ge-

440 3198 541 3255 (5)
567 3199 602 3242 C
624 3211 757 3241 arus
786 3202 1007 3243 Zostomie
1038 3200 1082 3252 §-
1122 3210 1188 3254 17.
1234 3202 1282 3246 S.
1313 3212 1382 3244 ιι.
