2266 3923
365 222 431 284 86
760 215 1600 296 DissERTATio

336 428 339 432 .
382 394 534 445 nem,
582 378 796 433 inventis
843 378 895 430 in
934 376 1104 431 cranio
1139 376 1364 443 *piscium
1408 375 1729 447 parietalibus
1773 385 1824 428 et
1843 385 1983 429 *tem-

379 486 565 541 porum
592 468 810 538 *ossibus
847 477 1028 534 postea
1056 465 1412 536 ipse-rejecit„
1469 465 1603 520 Dein
1646 463 1987 532 Bojanu55

386 578 501 617 cum
520 557 863 628 hypothesin
941 555 1402 625 Geoffroyei-
1426 552 1714 619 refutabat,
1751 551 1805 605 in
1847 549 1992 604 aliam

386 649 557 705 incidit
608 663 716 702 non
755 645 924 700 minus
971 661 1000 699 a
1042 644 1249 699 veritate
1284 656 1524 698 remotam
1545 683 1564 711 ,
1614 642 1823 696 credens
1875 651 1993 694 ossa‘

388 738 701 806 ,opercularia
765 751 862 803 pro
922 734 1143 801 scapulis
1177 745 1378 788 artuum
1420 731 1741 799 superiorum
1795 747 1844 784 s·
1880 727 1994 796 pin.-

390 845 569 884 narum
597 825 929 896 pectoralium
976 836 1088 877 esse
1147 822 1375 874 habenda
1419 820 1541 886 (l).
1615 816 1997 870 Blainville

392 932 572 990 postea
602 917 1026 981 docuit-quatuor
1054 926 1167 964 esse
1192 909 1386 964 ossium
1410 919 1564 975 caput
1583 890 2003 973 componentium

390 1009 579 1075 series;
612 1009 705 1076 alia
731 1013 948 1074 sc.,sunt
966 1040 983 1065 ‚
1002 1016 1131 1066 quae
1143 997 1407 1053 cerebrum
1426 996 1728 1062 includunt3
1763 993 1856 1048 alia
1866 1009 1999 1060 quae·

396 1112 642 1152 sensuum
673 1093 896 1148 officinas
928 1091 1195 1145 obducunt
1212 1106 1231 1157 ς
1250 1088 1342 1143 alia
1358 1087 1574 1154 denique
1600 1087 1662 1140 ad
1685 1083 1999 1152 superiorem

398 1185 647 1240 maxillam
677 1181 929 1250 pertinent
944 1219 967 1247 ‚-
986 1178 1087 1233 alia·
1100 1179 1377 1233 rursus-ad
1407 1176 1732 1242 inferiorem3
1777 1190 1883 1241 quo
1908 1189 2005 1241 po-

400 1276 503 1330 sito
563 1276 907 1326 demonstrare
973 1280 1188 1323 conatus
1244 1280 1322 1321 est
1380 1269 1575 1322 nullum
1638 1280 1761 1331 [esse
1807 1263 2001 1319 ossium

394 1364 659 1419 cerebrum
703 1359 1067 1416 includentium
1085 1397 1104 1424 ‚
1156 1358 1354 1412 nullum
1408 1374 1468 1410 ex
1523 1370 1710 1423 organa
1760 1369 2007 1408 sensuum

397 1453 721 1525 tegentibus,
771 1451 969 1519 nullum
1015 1446 1234 1515 denique
1277 1431 1516 1500 maxillae.
1543 1442 1818 1512 superioris
1855 1443 2011 1510 quod

396 1560 495 1599 ceu
549 1542 601 1594 in
647 1556 773 1594 ossa
828 1537 1142 1606 opercularia
1183 1548 1434 1592 mutatum
1480 1535 1646 1603 possit
1683 1534 2007 1589 considerari.

405 1634 547 1689 Ossa:
597 1628 940 1699 ,opercularia
1026 1627 1183 1696 igitur
1252 1627 1315 1681 ad
1394 1626 1658 1684 maxillam*
1721 1625 2011 1681 inferiorem

398 1722 650 1794 pertinere
718 1719 895 1772 statuit
919 1757 940 1791 ⁷
973 1732 1147 1789 ¹quam
1190 1715 1486 1770 sententiam
1534 1714 1681 1770 variis
1716 1715 1894 1768 deinde
1936 1731 2015 1768 ar·-

405 1811 659 1884 gumentis
706 1805 942 1884 probavit
965 1847 983 1873 ‚
1040 1805 1311 1859 ostendens
1355 1820 1446 1858 sex
1493 1820 1604 1862 esse
1650 1820 1768 1857 ossa
1821 1802 1872 1856 in
1905 1819 2017 1857 cro-

405 1903 559 1960 codili
645 1895 1169 1964 niaxill,a''‚.qUO1·um
1238 1895 1332 1948 tria
1399 1893 1646 1948 anteriora
1709 1904 1901 1946 tantum
1964 1892 2018 1944 in

405 1993 623 2064 piscium
684 1986 878 2062 maxilla
934 2001 1235 2052 superesse,
1301 1982 1582 2050 posteriora
1640 1996 1761 2034 vero
1811 1979 1862 2031 in
1921 1980 2017 2033 tria

409 2099 528 2139 ossa
571 2070 880 2146 opercularia
921 2084 1111 2127 mutata
1153 2074 1270 2124 'esse
1309 2070 1538 2134 credidit.
1614 2069 1831 2123 Similem
1871 2068 2016 2122 etiam

405 2172 623 2238 Bojan
638 2182 710 2220 us
737 2203 756 2229 ‚
827 2163 1008 2230 rejecta
1059 2159 1214 2226 priori
1286 2176 1378 2213 sua
1432 2158 1713 2224 sententia,
1759 2157 2025 2225 amplexus*

411 2275 490 2316 est
556 2255 846 2325 opinionem
872 2292 891 2316 .,
959 2266 1110 2316 quam
1167 2248 1241 2301 uti
1293 2248 1375 2300 ille
1425 2265 1486 2301 ex
1530 2246 1770 2300 crocodili
1817 2247 2023 2312 crani0‚

413 2351 486 2406 sic
530 2349 612 2406 hic
653 2363 716 2399 ex
758 2343 1025 2399 testudinis
1062 2341 1333 2396 illustravit
1382 2340 1522 2409 (Isis
1572 2340 1639 2392 L.
1687 2338 1788 2405 1.).
1825 2336 2025 2392 Geof-

418 2441 580 2506 froy
627 2452 770 2499 eam,
826 2449 977 2500 quam
1033 2429 1241 2483 Blain
1264 2428 1449 2483 ville
1502 2426 1750 2495 protulit,
1809 2427 2028 2494 primum

419 2529 564 2584 etiam
619 2526 880 2591 amplexus
949 2533 1026 2574 est
1093 2518 1389 2572 sentent-iam
1410 2557 1429 2584 ‚
1498 2518 1588 2572 sed
1645 2528 1946 2583 postquam·
1978 2516 2030 2569 in

423 2619 622 2674 maxilla
682 2612 909 2667 inferiori
985 2609 1163 2662 Esocis
1221 2609 1349 2660 ossei
1427 2606 1594 2660 omnia
1673 2622 1826 2672 ossa,
1904 2622 2033 2673 quae

423 2712 475 2763 in
533 2705 773 2762 crocodili
834 2699 1032 2755 maxilla
1103 2698 1323 2763 adsunt,
1411 2697 1557 2751 etiam
1629 2696 1815 2751 ‘adesse
1872 2697 2031 2763 vidit,

427 2816 534 2854 eam
575 2812 754 2852 rursus
799 2789 1116 2860 repudiavit,
1145 2798 1218 2841 vet
1262 2788 1325 2841 ad
1368 2786 1513 2842 aliam
1569 2786 1823 2856 confugit.

1849 2876 1933 2942 Sp
1952 2874 2036 2929 ix-

489 3029 591 3082 (l)
635 3030 725 3069 Isis
771 3028 824 3068 L.
873 3027 906 3066 l.
954 3033 997 3075 p.
1026 3020 1120 3074 506.
1154 3023 1260 3062 Cum
1288 3019 1376 3070 ipse
1415 3030 1459 3060 se
1501 3030 1654 3060 cvrasse
1702 3017 1881 3057 fateatur
1918 3028 2034 3056 sum·-

440 3111 531 3141 mus
584 3099 679 3148 vir,
733 3109 815 3138 non
868 3107 974 3146 opus
1015 3103 1079 3133 est
1118 3101 1164 3133 ut
1209 3093 1315 3132 hanc
1354 3089 1601 3131 sementiam
1652 3089 1846 3130 refutem.
1905 3087 2037 3128 Adest

439 3167 608 3222 scapula
645 3169 687 3208 in
727 3167 937 3218 piscibus,
977 3175 1154 3216 eamque
1182 3160 1266 3214 jam
1304 3159 1608 3210 descripsimus.
