2266 3923
541 210 615 270 na
686 206 1022 270 scELssTo
1089 217 1396 275 PISCIUM.
1673 242 1770 295 105

195 360 408 435 praeter
444 381 547 420 eam
604 368 946 424 branchiarum
1015 386 1110 437 pro
1176 372 1375 440 organis
1436 375 1772 440 respiratlonis

196 455 357 509 sonna
425 456 557 511 haud
613 467 887 524 supererat.
949 459 1229 512 -Branehiae
1272 469 1439 512 autem
1474 461 1526 512 in
1577 465 1773 518 univer-

192 550 306 598 sum
334 544 483 596 nihil
539 541 658 600 sunt
717 547 811 601 nisi
865 563 1100 601 vasorum
1162 543 1551 614 sanguineorum
1612 552 1730 605 retia
1750 594 1769 619 ‚

191 643 472 686 extrorsum
531 636 811 700 positorum
871 653 927 688 ac
995 637 1359 690 denudatorum
1379 676 1398 702 ‚
1462 640 1602 706 juxta
1649 658 1777 707 quae

189 737 320 785 aqua
357 721 554 774 assidue
602 723 733 774 fluit.
774 722 1017 775 ‘Piscium
1070 740 1189 776 vero
1228 725 1488 779 branchiae
1519 726 1775 783 filiformes

186 820 342 873 sunt,
388 821 437 861 et
481 809 689 875 pectinis
720 810 782 862 ad
818 809 973 863 instar
1003 812 1144 878 juxta
1181 813 1542 882 longitudinem
1598 820 1660 871 ad
1696 835 1781 873 os-

191 913 307 960 seos
345 912 489 948 arcus
509 935 528 961 ,
562 912 692 961 quos
727 896 1118 964 descripsimus,
1153 899 1531 957 adhaerescunt.
1604 908 1776 962 Strue-

189 996 303 1037 tura
361 1001 480 1037 vero
539 984 885 1038 b'ranchiarum
951 985 1012 1037 ab
1074 1002 1129 1038 ea
1175 988 1473 1052 pulmonum
1521 992 1655 1046 haud
1707 996 1775 1049 ita

189 1072 374 1127 differt.
455 1075 648 1127 Doceat
722 1073 820 1126 hoc
872 1086 1323 1144 petromyzontzcm
1381 1094 1539 1145 genus
1560 1121 1578 1146 ‚
1632 1084 1777 1151 cujus

192 1181 364 1218 saccos
406 1163 747 1231 pulmonarios
788 1163 1050 1218 transitum
1091 1166 1152 1216 ad
1191 1166 1458 1231 pulmones
1509 1171 1770 1222 ostendere

188 1251 387 1305 monuit
437 1251 970 1318 Brugmansius⁹
1036 1253 1123 1318 qui
1169 1253 1300 1306 sacci
1349 1255 1494 1308 etiam
1532 1274 1648 1310 cum
1692 1274 1772 1311 or-

188 1340 328 1408 ganis
395 1338 732 1405 respirationis
795 1339 847 1390 in
895 1354 1068 1391 aranea
1115 1353 1162 1392 et
1204 1342 1506 1410 scorpione,
1556 1362 1774 1411 quorum

185 1441 466 1484 accuratam
521 1429 858 1497 cognitionem
929 1429 1325 1484 Trevirano
1362 1433 1637 1500 debemus,
1688 1438 1771 1489 aii-

184 1535 286 1584 qua
335 1520 524 1572 ratione
572 1518 844 1583 comparari
892 1534 1045 1582 posse
1082 1518 1202 1570 mihi
1250 1519 1499 1573 videntur.

247 1606 325 1658 Os
377 1605 590 1673 hyo‘ides
639 1604 690 1655 in
738 1603 960 1670 piscibus
1012 1606 1165 1656 sterni
1211 1608 1616 1671 quoddammodo
1662 1612 1767 1664 vice

186 1693 415 1761 fungitur
455 1692 735 1757 inte1·ioriS‚
792 1704 841 1744 et
896 1693 1232 1758 respirationis
1279 1696 1501 1748 officinae
1549 1699 1767 1754 dicatum

183 1795 282 1836 est.
383 1782 564 1835 Omnia
637 1797 756 1834 vero
831 1792 1124 1847 systemata,
1194 1797 1256 1834 ne
1314 1783 1400 1836 illo
1440 1788 1765 1852 generationis

182 1871 383 1937 quidem
443 1883 685 1937 excepto,
752 1871 802 1921 in
862 1870 1085 1936 piscibus
1146 1872 1299 1939 magis
1344 1874 1571 1928 minusve
1622 1879 1770 1944 capiti

181 1959 383 2011 admota
419 1971 570 2022 sunt,
622 1971 670 2009 et
717 1958 832 2008 hinc
876 1972 950 2010 est
993 1961 1132 2024 quod
1175 1973 1343 2014 tantus
1395 1975 1597 2028 tamque
1628 1982 1764 2017 com-

179 2046 379 2114 positus
433 2046 498 2097 sit
546 2046 736 2097 ossium
790 2046 1098 2097 diversorum
1155 2066 1331 2102 versus
1369 2064 1519 2118 caput
1566 2070 1770 2119 appara-

179 2148 299 2202 tus;
359 2144 415 2186 et
482 2132 595 2184 inde
659 2132 800 2184 etiam
842 2133 1168 2199 praecipuae,
1223 2154 1347 2202 quas
1400 2141 1620 2205 cognitio
1660 2161 1766 2197 sce-

180 2225 266 2277 leti
326 2224 537 2290 piscium
600 2220 800 2285 obfert‚
869 2223 1196 2276 difficultates,
1283 2227 1532 2293 Systemax
1561 2246 1764 2286 osseum

179 2313 332 2382 igitur
370 2327 547 2364 versus
595 2322 746 2375 caput
786 2311 1222 2379 praedominatur3
1263 2314 1314 2365 in
1361 2319 1606 2381 producta
1642 2339 1761 2376 vero

179 2403 365 2465 cauda,
438 2400 803 2452 musculosum.
915 2400 1029 2453 Hoc
1087 2402 1216 2454 enim
1274 2404 1386 2457 loco
1448 2410 1764 2475 reperiuntur

177 2488 396 2543 musculi
445 2488 622 2552 validi,
677 2489 934 2553 laterales,
989 2501 1152 2542 totum
1205 2508 1391 2559 corpus
1444 2511 1721 2553 moventes.

255 2579 521 2630 Caeterum
576 2576 658 2630 vix
709 2577 800 2629 alia
843 2577 1014 2631 classis
1060 2590 1174 2644 est,
1214 2595 1340 2645 quae
1402 2595 1598 2651 tantem,
1637 2599 1760 2640 tam-

177 2678 279 2734 que
330 2666 548 2718 diversas
609 2667 659 2717 in
707 2666 854 2718 variis
912 2667 1173 2733 generibus
1234 2682 1283 2720 et
1342 2674 1603 2737 speciebus
1658 2674 1762 2728 for-

174 2773 367 2810 marum
405 2773 461 2807 ac
490 2754 885 2822 magnitudinum
916 2754 1173 2806 varietates
1192 2794 1208 2819 ‚
1239 2772 1342 2820 quo
1377 2760 1439 2810 ad
1480 2762 1719 2815 sceletum
1741 2800 1761 2828 ,

174 2845 391 2900 obferat.
463 2844 574 2895 Nec
618 2843 766 2895 dubia
822 2841 1051 2908 profecto
1098 2844 1221 2895 ratio
1261 2857 1370 2910 est,
1410 2863 1500 2900 cur
1551 2849 1616 2902 ita
1672 2850 1757 2905 sit.

175 2937 237 2988 In
277 2933 497 3000 piscibus
527 2931 654 2983 enim
687 2932 924 2984 sceletum
944 2971 961 2996 ,
995 2930 1037 2983 si
1068 2931 1118 2983 in
1157 2936 1549 3000 contemplandis
1577 2938 1760 2991 anima-

173 3023 307 3076 libus
351 3033 552 3075 naturae
596 3019 819 3072 ordinem
863 3036 1160 3086 sequamur⁹
1199 3022 1361 3088 primo
1406 3025 1519 3078 loco
1578 3028 1750 3093 adest,

178 3122 231 3164 et
287 3109 506 3164 maximis
573 3124 769 3175 semper
828 3107 1044 3161 obnoxia
1104 3121 1222 3161 sunt
1274 3111 1637 3168 diversitatibus
1697 3132 1751 3167 ea

999 3198 1046 3250 Ο
1418 3222 1426 3227 “
1678 3220 1761 3255 or·
1816 3206 1821 3211 “
