2266 3923
1605 200 1618 212 a
1626 188 1645 212 ἶ.
1667 197 1718 222 ᾖς»,-

1590 219 1701 238 wma-
1707 217 1727 232 *³*

612 268 688 315 DE
760 224 1099 314 semro
1171 259 1485 317 PlscmM.
1595 248 1599 252 ’
1784 280 1846 338 35

330 415 506 469 Salmo
538 412 596 464 id
634 423 748 466 cum
794 413 972 479 squalo
1011 427 1279 468 commune
1323 413 1473 468 habet
1493 452 1514 481 ,
1563 419 1702 483 quod
1723 429 1834 475 ver-

256 502 421 557 tebrae
487 500 833 569 apophysibus
901 502 1243 558 articularibus
1307 504 1571 560 destitutae
1585 544 1604 573 ‚
1653 522 1834 575 corpo-

252 592 389 646 ribus
440 595 632 644 tantum
696 589 802 644 suis
871 606 1040 644 secum
1088 591 1298 646 invice—m
1353 593 1644 648 cohaereant
1686 595 1764 662 <k
1781 597 1828 661 3.

252 679 463 732 &Varus
529 680 738 746 primam
807 678 925 729 colli
998 680 1275 732 vertebram
1351 696 1551 746 parvam
1645 681 1825 748 habet,

246 768 510 822 secundam
559 769 664 822 fere
719 767 880 822 sexies
939 769 1173 837 majorem
1192 809 1210 834 ‚
1263 769 1449 836 duplici
1507 771 1562 824 in
1609 783 1824 838 utroque

244 855 394 909 latere
457 874 700 924 processu
775 869 1061 912 transverso
1116 858 1404 925 praeditam.
1494 858 1660 912 Simile
1703 860 1826 927 quid

244 944 385 997 etia-m
446 945 497 997 in
570 945 810 1013 Cypri'nis
862 946 1177 1001 observatur.
1275 947 1464 1001 Verum
1522 946 1613 999 hac
1669 947 1730 1000 de
1770 964 1824 1002 re

241 1032 517 1086 videbimus
566 1047 741 1100 postea
784 1034 956 1104 (Cap.
1007 1036 1073 1088 II.
1123 1038 1153 1102 §
1200 1037 1320 1101 4.).

310 1122 394 1175 En
433 1123 759 1187 quorumdam
814 1137 1077 1175 esseorum
1107 1122 1319 1188 piscium
1338 1162 1356 1187 ,
1395 1138 1612 1189 quorum
1642 1124 1822 1183 sceleta

239 1209 446 1262 examini
477 1208 700 1277 subjeci,
734 1209 1071 1263 vertebrarum
1103 1225 1391 1264 numerum.
1439 1212 1681 1265 Poterunt
1715 1212 1822 1266 for-

233 1304 367 1350 tasse
411 1297 503 1350 hae
560 1296 911 1350 annotationes
954 1298 1138 1364 aliquid
1181 1300 1243 1351 ad
1286 1298 1651 1365 amplificandas
1701 1302 1817 1356 Cu-

234 1378 445 1438 vierii
513 1385 980 1452 Schultziique
1029 1386 1218 1441 tabulas
1265 1387 1513 1441 conferre.

221 1557 295 1610 M
290 1558 438 1611 alaco
450 1587 474 1599 ·-
485 1562 738 1629 pterygii-

292 1646 550 1717 Cypri'nus
601 1645 756 1699 Gobio
832 1649 897 1714 36
915 1687 932 1712 ,
978 1663 1190 1713 quarum
1231 1652 1287 1702 18
1326 1648 1575 1704 caudaleS.

289 1756 555 1777 —----
597 1734 794 1807 Carpffo
842 1753 936 1803 34,
974 1751 1184 1801 quarum
1235 1752 1298 1803 15
1344 1737 1406 1789 ad
1456 1739 1659 1792 caudam
1694 1756 1808 1807 per-

661 1827 666 1831 '
969 1823 1207 1876 tinebant.
1284 1824 1527 1891 (Notetis
1569 1828 1807 1883 Cuvie-

961 1913 1127 1965 rium
1176 1912 1226 1964 in
1277 1914 1368 1966 hac
1415 1914 1580 1981 specie
1607 1933 1670 1983 41
1713 1916 1810 1969 ob-

963 2016 1220 2064 servasse,
1309 2017 1518 2067 quarum
1576 2006 1638 2057 16
1688 2015 1805 2059 cau-

952 2087 1123 2153 dales,
1177 2089 1621 2147 Schultzium
1677 2109 1800 2147 vero

948 2178 1010 2242 36
1035 2213 1054 2240 ,
1149 2192 1358 2242 quarum
1435 2198 1499 2233 20
1568 2183 1796 2236 candales

953 2267 1111 2323 fuisse
1164 2272 1297 2322 a'iti.

271 2354 449 2415 Cadus
498 2359 755 2412 morrhua
801 2369 900 2424 50,
938 2373 1149 2423 quarum
1219 2372 1280 2423 32
1348 2359 1588 2413 „candales
1647 2360 1675 2429 (
1691 2374 1790 2428 52,

948 2461 1157 2513 quarum
1206 2459 1301 2513 35,
1362 2458 1411 2500 et
1465 2462 1547 2517 53-
1577 2453 1789 2516 quarum

945 2551 1007 2603 33
1067 2535 1326 2601 candales,
1368 2536 1419 2588 in
1458 2539 1660 2594 duobus
1711 2537 1785 2592 in-

938 2623 1149 2678 dividuis
1170 2624 1295 2677 vidit
1326 2626 1358 2679 S
1374 2643 1400 2678 c
1417 2627 1450 2680 h
1465 2628 1563 2682 ult
1574 2647 1603 2682 z
1619 2628 1634 2680 i
1649 2629 1782 2695 us).

1672 2716 1788 2770 'Ga-

202 2886 353 2928 ftmssia
405 2884 646 2937 descripsit:
703 2887 999 2928 Ostracionem
1046 2891 1293 2945 trigonum,
1321 2891 1363 2930 in
1402 2903 1485 2941 quo
1520 2887 1767 2944 vertebrae,

197 2959 274 2999 sub
328 2955 414 2998 lora
467 2956 565 2997 dura
617 2966 783 3008 tectae,
823 2959 1091 3011 coiilescunt,
1150 2962 1383 3002 balistides
1443 2972 1489 3015 p.
1543 2962 1770 3016 356-362·

197 3027 291 3066 Huc
330 3025 536 3076 pertinent
579 3027 679 3077 Fig.
726 3037 779 3078 7,
821 3027 862 3068 8.
908 3028 966 3069 ib.

243 3095 346 3145 (k)
398 3095 676 3138 Schultze
734 3097 789 3138 L.
848 3099 879 3137 l.
915 3107 961 3149 p.
1003 3097 1099 3147 363.
1150 3100 1242 3139 Hoc
1277 3099 1316 3138 in
1358 3099 1546 3141 omnibus
1585 3101 1765 3150 piscibus

196 3163 253 3205 ita
292 3175 377 3205 esse
421 3163 592 3205 credidit
637 3164 974 3206 CuVIerius.
1006 3165 1145 3209 Anat.
1190 3168 1336 3218 Comp.
1379 3168 1416 3211 Ι.
1455 3179 1500 3222 p.
1544 3173 1765 3223 177,178.

1010 3235 1052 3265 π
1098 3253 1123 3264 „-
