2266 3923
570 316 649 358 „a
716 297 1059 370 scELETo
1123 271 1440 370 rismum
1736 314 1807 369 ει
1896 295 1902 302 ’

560 1316 637 1355 DE
674 1314 897 1354 OSSIBUS
934 1314 1406 1357 DEGLUTITIONIS.

184 1719 350 1839 Hic
411 1785 472 1838 de
525 1783 729 1840 ossibus
775 1783 1003 1852 palatinis
1052 1784 1216 1850 deque
1279 1797 1397 1838 osse
1437 1783 1653 1853 hyo‘ides
1703 1805 1786 1847 es·

183 1886 264 1928 set
325 1872 586 1938 dicendum
609 1862 656 1938 ‚J
693 1871 789 1925 nisi
850 1873 911 1925 dc
974 1871 1072 1924 illis
1123 1873 1224 1940 jam
1264 1873 1582 1942 monuerim,
1633 1890 1788 1946 atque

182 1962 281 2014 hoc
364 1949 566 2014 demum
638 1960 689 2012 in
758 1960 952 2014 ossium
1007 1960 1070 2013 ad
1136 1959 1476 2026 respirationis
1541 1964 1788 2021 officinam

184 2047 537 2115 pertinentium
596 2045 980 2113 'pertractatione
1030 2062 1193 2100 essem
1241 2047 1611 2115 descriptum&
1686 2054 1790 2109 Sed

182 2136 274 2190 alia
311 2147 505 2202 praeter
544 2135 666 2187 haec
712 2135 762 2187 in
803 2134 1028 2201 piscibus
1084 2136 1266 2189 adsunt
1311 2137 1654 2204 deglutitionis
1700 2159 1785 2199 os.

184 2242 240 2280 sa
260 2265 279 2292 ‚
334 2241 462 2290 quae
512 2224 675 2290 qualia
720 2223 821 2276 sint
878 2239 1011 2278 nunc
1051 2225 1225 2292 paucis
1274 2224 1559 2281 videamus.

251 2316 484 2383 Pharynx
537 2313 749 2379 piscium
807 2329 1024 2379 superne
1086 2313 1195 2368 basi
1256 2313 1408 2367 cranii
1456 2316 1738 2373 adnectitur
1757 2359 1781 2386 ‚

181 2417 233 2458 et
284 2421 460 2459 versus
515 2404 665 2456 latera
710 2415 761 2455 et
812 2402 1007 2455 inferne
1053 2401 1261 2470 margini
1291 2403 1558 2470 posteriori
1585 2407 1781 2461 ossium

181 2491 590 2563 pharyngealium
661 2471 954 2543 inferiorum
1002 2489 1232 2542 adhaeret
1256 2527 1277 2556 ‚
1339 2491 1420 2544 vel
1485 2490 1531 2544 ei
1574 2509 1783 2549 arcuum

180 2585 396 2638 duorum
427 2580 763 2650 posteriorum
809 2578 1155 2633 branchiarum
1177 2618 1196 2645 ,
1235 2578 1321 2634 ubi
1358 2595 1475 2634 ossa
1500 2580 1776 2651 pharyngis

182 2685 270 2728 aut
305 2672 526 2737 absunt,
580 2682 667 2724 aut
697 2670 760 2724 ad
809 2669 1031 2724 cranium
1074 2687 1239 2737 usque
1286 2685 1391 2723 non
1437 2670 1772 2725 adscendunt.

179 2760 357 2816 Fibrae
412 2759 708 2823 circulareS‚
762 2773 889 2822 quae
921 2757 1231 2825 pharyngem
1268 2758 1515 2826 cingunt,
1569 2760 1772 2826 sphinc-

180 2862 334 2905 terem
353 2849 604 2915 efficiunt,
640 2860 781 2901 tanto
816 2846 1013 2902 facilius
1040 2864 1219 2903 cavum
1247 2851 1355 2919 ejus
1383 2862 1735 2918 angustantem
1754 2891 1776 2918 ‚

181 2955 287 3005 quo
321 2953 437 2991 ossa
471 2935 822 3004 pharyngealia
868 2933 1104 2990 inferiora
1145 2938 1248 2991 sint
1287 2937 1569 2993 mobiliora.
1632 2940 1775 2994 Haec

181 3043 298 3080 ossa
310 3026 361 3079 in
373 3024 626 3093 plerisque
646 3024 870 3092 piscibus
889 3024 1044 3094 (rajis
1078 3038 1127 3079 et
1160 3027 1350 3093 squalis
1388 3029 1658 3099 exceptis)
1690 3031 1777 3085 ad-

182 3129 337 3182 sunt,
365 3129 415 3168 et
443 3114 677 3170 'dentibus
699 3155 719 3182 ‚
744 3132 961 3182 quorum
997 3115 1159 3171 forma
1176 3120 1442 3176 admodum
1462 3123 1662 3192 differt,
1698 3141 1781 3179 ar·

180 3217 378 3261 mantur
419 3205 470 3259 in
504 3221 559 3259 ea
585 3205 849 3274 superficie
870 3245 889 3273 ‚
929 3222 1058 3274 quae
1102 3224 1278 3265 versus
1311 3209 1532 3269 cranium
1568 3225 1777 3282 spectat.

1061 3295 1108 3350 L
1641 3301 1782 3356 Haec
