2266 3923
659 246 737 289 DE
809 226 1150 287 SCELETO
1182 279 1189 287 .
1220 226 1532 287 PIS‘CIUM.
1822 251 1892 307 27

295 402 563 465 processus
599 388 817 457 spinosos
851 386 1150 439 acces-sorios
1169 421 1190 451 ‚
1225 402 1270 439 s.
1295 384 1622 439 articulares
1640 421 1660 451 ,
1695 406 1738 443 s.
1762 390 1890 444 obli-

301 495 426 554 quos
485 473 702 529 vocavit.
765 474 881 541 (L.
928 473 970 525 l.
1014 473 1074 526 S.
1125 471 1292 539 355).
1367 472 1445 525 11Ιί
1485 472 1638 541 igitur
1696 475 1890 549 obliqui

293 579 560 641 processus
606 564 712 632 (ut
761 578 823 614 ex
874 560 984 613 istis
1032 560 1320 613 nominibus
1377 575 1535 614 unum
1583 561 1893 634 seligamus)

296 670 473 712 vorsus
518 651 818 707 anteriorem
860 648 1033 715 spinae
1083 647 1293 701 dorsalis
1339 660 1531 715 partem
1580 651 1737 719 magis
1775 669 1896 708 evo-

294 744 392 799 imi
447 754 569 797 sunt
590 780 609 807 ‚
681 738 846 791 forma
899 734 1154 788 differunt.
1252 737 1312 788 In
1354 737 1590 793 omnibus
1626 758 1748 797 vero
1784 754 1896 799 tum

296 832 459 888 osseis
477 868 506 898 2,
550 843 661 885 tum
707 825 1032 894 cartilagineis
1083 824 1311 893 piscibus
1363 828 1619 883 vertebrae
1667 833 1895 900 corpori-

295 924 395 979 bus
437 923 510 975 ita
550 922 680 974 inter
725 934 836 971 sese
881 917 1152 971 cohaerent
1171 955 1190 982 ‚
1242 928 1300 970 ut
1363 919 1730 986 cujuscumque
1784 939 1895 976 ver-

292 1013 465 1067 tebrae
515 1027 703 1078 corpus
751 1009 976 1062 conicam
1023 1008 1220 1061 obferat
1271 1008 1564 1075 cavitatem,
1613 1010 1697 1064 cui
1736 1011 1894 1077 adpo-

291 1102 386 1155 sita
432 1112 518 1155 cst
560 1099 740 1154 similis
802 1098 856 1150 in
918 1097 1149 1163 proxime
1190 1097 1424 1162 sequenti
1469 1098 1696 1153 vertebra
1751 1117 1895 1156 exca-

296 1190 464 1255 vatio-,
518 1203 619 1255 qua
656 1186 851 1240 ratione
883 1184 939 1237 in
1000 1197 1108 1239 tota
1149 1186 1384 1240 columna
1439 1187 1767 1244 efformantur
1813 1205 1902 1245 ca·

291 1277 469 1331 vitates
519 1293 581 1330 ex
640 1274 827 1342 duplici
883 1288 1016 1326 cono
1073 1274 1421 1342 compositae,
1480 1293 1699 1343 quorum
1749 1278 1894 1334 bases

292 1366 390 1419 sibi
433 1365 647 1420 invicem
687 1376 1034 1432 apponuntur.
1134 1365 1194 1416 In
1254 1364 1391 1417 hisce
1433 1367 1728 1422 cavitatibus
1772 1382 1895 1436 post

286 1465 505 1506 mortem
554 1450 834 1507 substantia
871 1451 1157 1505 continetur
1202 1451 1582 1522 cartilaginosa,
1639 1473 1700 1509 ex
1750 1455 1894 1512 fibris

290 1540 621 1595 concentricis
668 1540 982 1606 composita3
1043 1556 1105 1591 ex
1191 1540 1270 1593 his
1351 1558 1480 1605 quae
1546 1557 1720 1597 centro
1771 1563 1892 1612 pro-

290 1629 460 1696 piores
501 1628 654 1681 simul
702 1627 955 1680 molliores
1018 1639 1160 1681 sunt.
1249 1628 1456 1681 Viventi
1527 1648 1649 1685 vero
1695 1633 1893 1688 animali

290 1717 342 1770 in
407 1717 467 1769 iis
489 1754 538 1782 ,A
578 1733 705 1782 quas
773 1714 990 1769 diximus
1011 1753 1030 1780 ‚
1127 1714 1424 1770 cavitatibus
1505 1720 1883 1778 albuminosum

291 1807 542 1874 quoddam
616 1806 828 1860 fluidum
914 1803 1160 1857 contineri
1236 1820 1331 1857 nos
1399 1805 1572 1859 docuit
1628 1809 1799 1863 Hom
1820 1830 1887 1880 e,

288 1898 430 1962 quod
493 1897 693 1948 demum
758 1906 878 1960 post
943 1906 1155 1947 mortem
1210 1893 1364 1960 piscis
1428 1894 1683 1951 solidescit
1734 1913 1887 1969 atque

283 1985 505 2042 durescit
550 1990 689 2052 (u).

361 2075 523 2128 Dictis
548 2113 566 2140 ‚
623 2091 748 2140 quae
790 2074 842 2125 in
886 2089 1064 2140 genere
1116 2074 1178 2125 de
1209 2073 1423 2140 piscium
1467 2076 1709 2131 vertebris
1743 2091 1883 2133 erant

287 2161 525 2226 dicenda,
575 2160 829 2214 videamus
881 2161 942 2212 de
986 2161 1227 2215 vertebris
1271 2163 1321 2214 in
1367 2165 1623 2219 nonnullis
1668 2167 1885 2232 piscium

284 2250 569 2318 speciebus·
641 2249 758 2320 Qua
797 2248 848 2300 in
870 2265 955 2315 re,
991 2264 1054 2300 ne
1085 2249 1232 2304 nimis
1260 2251 1412 2319 longa
1446 2253 1533 2307 fiat
1560 2254 1876 2326 disputatiO,

287 2340 490 2394 brevius
542 2339 872 2393 versabimur.
945 2338 1072 2391 Non
1130 2339 1260 2391 enim
1306 2340 1358 2393 id
1408 2341 1556 2395 nobis
1605 2348 1877 2413 proposui-

281 2446 432 2497 mus,
466 2442 524 2483 ut
552 2428 953 2497 osteographiam
981 2427 1195 2494 piscium
1226 2431 1657 2488 conscriberemus
1689 2436 1878 2502 specia-

277 2520 374 2572 lem
395 2558 414 2585 ‚
478 2520 567 2571 sed
609 2535 670 2571 eo
720 2518 904 2572 erimus
952 2517 1211 2585 contenti,
1262 2519 1307 2573 si
1357 2521 1637 2588 generalem
1682 2534 1880 2579 tantum

276 2608 429 2660 modo
455 2609 626 2661 sceleti
669 2594 951 2661 dederimus
989 2607 1440 2663 adumbrationem.
1516 2610 1676 2666 Simul
1727 2614 1876 2669 etiam

276 2712 522 2750 memores
547 2714 725 2752 sumus
742 2697 1012 2751 sententiae
1032 2696 1341 2750 celeberrimi
1383 2699 1556 2767 Vicq
1594 2702 1870 2771 d'Azyr,

279 2800 396 2837 cum
426 2784 640 2849 diceret,
684 2822 717 2849 ‚‚
754 2786 869 2836 Une
899 2785 1212 2854 description
1248 2789 1558 2841 miizutieuso
1583 2789 1647 2841 do
1668 2792 1871 2862 chaque

274 2875 478 2945 poisson
534 2874 931 2926 n’annonooroit
979 2874 1168 2944 qu’mae
1204 2878 1460 2929 curiositas
1486 2880 1672 2945 wine,
1710 2879 1871 2946 etja-

276 2963 409 3014 mais
459 2972 538 3014 cot
584 2966 749 3035 esprit
779 2963 1171 3036 philosophique
1213 2967 1305 3034 qui
1339 2964 1448 3018 doit
1479 2968 1590 3022 etro
1619 2969 1777 3025 l’amo
1804 2970 1871 3024 de

932 3052 944 3061 ⁵
1761 3071 1871 3116 tou-

328 3154 440 3208 (u)
468 3160 679 3200 Lectures
718 3168 804 3203 etc.
844 3168 892 3213 p.
921 3159 989 3203 86.
