2266 3923
328 206 404 265 25
567 280 569 283 .
717 192 1558 259 DISSERTATM)

337 369 560 426 quorum
590 368 805 421 corpora
830 354 1098 406 lateraliter
1116 365 1410 422 compressa
1443 366 1585 409 sunt.
1659 355 1719 410 In
1746 358 1942 427 canali,

337 462 489 516 quem
520 444 742 498 formant
769 442 1062 511 apophyses
1090 445 1378 511 superiores
1397 483 1418 511 ‚
1455 444 1528 498 uti
1552 447 1653 514 Jam
1685 447 1902 504 diximus
1920 484 1941 516 ⁵

337 535 556 592 medulla
612 532 817 600 spinalis
864 532 1173 587 continetur.
1247 535 1405 607 Quod
1448 553 1570 590 vero
1609 538 1672 590 ad
1721 518 1973 592 canalem-

336 625 625 681 inferiorem
645 663 665 691 9
705 639 798 690 per
853 639 1008 690 quem
1059 624 1238 678 transit
1274 631 1414 680 aorta
1434 665 1453 692 ‚
1509 625 1683 680 similis
1729 629 1944 693 canalis,

337 715 587 770 similibus
653 713 801 766 etiam
849 714 1204 783 apophysibus
1263 715 1512 770 formatus
1574 717 1676 784 jam
1740 718 1792 770 in
1840 717 1947 771 aliis

336 805 635 859 an-imalibus
681 804 1005 863 observatur.
1087 808 1164 859 Ut
1205 823 1266 858 ex
1311 806 1660 860 mammalibus
1707 807 1950 872 quaedam

336 894 543 948 afferam
573 896 800 963 exempla
826 895 1003 946 Aceles
1019 897 1310 964 paremus,
1355 896 1545 953 Manis
1565 895 1953 966 pentadactyla

343 985 624 1057 Didelphis
661 988 960 1054 gigantea,
1009 996 1068 1039 ut
1108 985 1232 1038 mihi
1263 986 1431 1040 videre
1455 986 1597 1039 licuit
1628 987 1681 1038 in
1711 986 1955 1039 ditissima

340 1074 510 1130 nostri
543 1074 724 1129 vmusei
777 1074 1084 1127 sceletorum
1139 1074 1321 1141 copia,
1387 1073 1647 1142 ejusmodi
1695 1072 1747 1124 in
1799 1072 1957 1126 cauda

340 1165 537 1220 «habent
571 1178 621 1218 et
664 1165 958 1233 apophyses
998 1165 1232 1233 spinosas
1277 1164 1577 1232 inferioreS‚
1648 1176 1735 1232 et,
1807 1179 1960 1229 quem

344 1256 442 1310 hae
487 1255 739 1322 efficiunt,
788 1258 1031 1310 canalem.
1105 1258 1191 1311 Ex
1251 1257 1479 1311 Cemceis
1528 1257 1680 1310 citare
1741 1270 1960 1324 possum

345 1342 401 1397 in
466 1344 652 1410 quibus
725 1344 868 1412 vidi,
937 1347 1262 1417 Delphinum
1325 1348 1656 1400 Phocaermm
1676 1385 1695 1412 ‚
1759 1345 1955 1415 Delph.

352 1437 652 1489 nesarnack
727 1448 880 1503 atque
953 1439 1228 1490 halicoren
1316 1426 1597 1510 (Dzlgbng
1667 1429 1956 1500 Lacep).

351 1521 511 1580 Vides
552 1530 865 1592 quantopere
927 1526 1074 1578 etiam
1116 1526 1209 1577 hac
1258 1525 1311 1577 in
1346 1538 1490 1592 parte
1537 1520 1814 1588 analogiam
1842 1535 1963 1574 cum

352 1614 583 1683 piscibus
623 1624 1024 1666 commonstrent
1083 1625 1316 1665 catacea.
1413 1613 1496 1664 Ex
1547 1610 1841 1664 lacertarum
1890 1610 1965 1664 fa-

352 1703 484 1756 milia
528 1701 631 1756 vidi
670 1701 917 1768 ejusmodi
960 1715 1272 1766 p1·ocessus‚
1328 1712 1376 1752 et
1425 1700 1478 1750 in
1526 1699 1669 1766 aliis„
1725 1712 1776 1752 et
1812 1699 1962 1752 etiam

357 1793 411 1845 in
467 1789 737 1844 Crocodilo
793 1787 1017 1856 vulgari
1036 1824 1057 1853 ‚
1104 1787 1158 1839 in
1208 1804 1312 1853 quo
1365 1787 1613 1855 incipiunt
1659 1789 1861 1843 demum
1910 1788 1963 1840 in

357 1881 581 1937 secunda
637 1880 823 1933 caudae
893 1879 1122 1933 vertebra
1142 1919 1160 1946 ‚
1226 1878 1463 1933 desinunt
1506 1895 1629 1932 vero
1675 1880 1737 1932 ad
1788 1878 1971 1947 vigesi-

359 1990 493 2028 mam
551 1986 770 2035 nonam‚
812 1986 940 2037 quae
987 1983 1098 2036 est⁹
1138 1969 1182 2022 si
1234 1970 1296 2022 ab
1339 1970 1513 2023 ultima
1551 1984 1814 2029 numerare
1849 1968 1973 2022 inci-

353 2065 463 2136 pias
482 2104 503 2132 ‚
552 2061 783 2129 septima.

435 2155 559 2224 Quo
614 2152 828 2220 propius
893 2147 1151 2203 vertebrae
1204 2148 1267 2201 ad
1317 2159 1587 2201 extremam
1642 2147 1849 2202 caudam
1895 2163 1974 2202 ace

362 2234 590 2310 cedunt,
649 2258 711 2295 eo
762 2240 941 2308 magis
969 2240 1031 2292 ad
1081 2254 1299 2306 corpora
1351 2238 1696 2293 vertebrarum
1740 2238 1973 2306 apophy-

368 2353 451 2389 ses
499 2345 813 2387 transversae
857 2330 1245 2398 apprimuntur‚
1299 2340 1350 2381 et
1400 2327 1595 2382 inferne
1643 2327 1773 2383 fiunt
1828 2327 1973 2381 latio-

365 2441 469 2480 res.
539 2423 761 2478 Ultimae
824 2422 1083 2476 vertebrae
1151 2419 1442 2489 apophyses
1491 2435 1704 2488 prorsus
1747 2429 1976 2484 postrors
2033 2426 2040 2432 “

373 2530 491 2570 sum
543 2524 847 2577 vertuntur,
914 2522 964 2563 et
1023 2509 1465 2576 comprimuntur,
1522 2520 1676 2574 atque
1721 2523 1819 2575 ope
1860 2506 1978 2560 alia-

373 2621 523 2673 rum,
589 2619 720 2670 quae
779 2602 909 2653 inter
960 2600 1051 2653 has
1087 2599 1282 2667 positae
1331 2612 1484 2666 sunt,
1545 2599 1839 2653 laminarum
1876 2597 1978 2650 dis-

345 2710 470 2750 'cus
528 2707 709 2747 osseus
764 2688 1007 2754 efficitur,
1052 2688 1115 2741 ad
1159 2685 1502 2741 sustinendam
1549 2687 1751 2755 pinnam
1800 2687 1980 2741 cauda-

349 2787 467 2839 ·lem
512 2781 823 2851 aptissimus·

450 2877 721 2929 Caeterum
783 2870 1015 2940 piscium
1064 2882 1327 2923 osseorum
1378 2867 1632 2922 vertebrae
1681 2867 1979 2933 plerumque

380 2965 674 3034 apophyses
723 2961 947 3024 habent,
1002 2973 1131 3024 quac
1169 2957 1498 3011 articulationi
1536 2954 1845 3021 inserviunt.
1917 2958 1977 3010 In

385 3055 580 3126 Clupea
616 3054 845 3120 harengo
893 3064 973 3103 cas
1001 3045 1264 3113 descripsit
1322 3044 1868 3126 Rosenthallius
1928 3054 1980 3096 et

1853 3145 1982 3203 pro-
