2266 3923
599 228 1537 296 RROLEGOMENA.
1808 257 1873 311 15

280 400 390 452 tas:
428 385 716 454 cerebrum,
752 387 986 443 nimirum
1042 397 1092 438 et
1140 385 1406 439 medullam
1451 386 1713 454 spinalem.
1766 393 1869 455 Sed,

280 463 428 544 simul
464 491 569 531 non
610 476 850 531 minorem
893 478 1019 530 inter
1065 488 1331 542 utramque
1365 490 1556 544 partem
1572 516 1592 544 ,
1639 480 1885 546 cranium-

282 581 332 633 et
382 564 656 620 vertebram
702 567 964 633 quamdam
1027 565 1327 638 intercedere
1393 564 1718 620 differentiam
1772 584 1867 634 pu-

265 653 485 721 taverim
505 691 525 720 ,
572 669 723 719 quam
769 669 898 722 quae
927 651 1054 721 inter
1101 653 1359 708 cerebrum
1406 653 1642 719 illamque
1656 693 1676 721 ,
1714 671 1866 722 quam

283 739 497 810 diximus
519 778 539 806 ,
593 739 858 812 medullam
906 739 1233 811 observatur3
1295 754 1345 807 et
1404 742 1520 795 inde
1567 741 1741 799 forsan
1785 761 1872 811 pe-,

283 829 433 898 tenda
493 828 619 898 ratio
674 839 749 899 est
767 867 788 894 ,
839 844 933 888 cur
1006 828 1215 891 maxima
1288 830 1512 898 analogia
1572 847 1723 897 cum·
1762 849 1873 890 ver.-

279 917 418 976 tebra
465 916 519 969 in
560 932 678 977 osse
721 916 950 988 occipitis
988 917 1323 984 observetur,
1365 917 1555 984 quippe
1607 923 1746 985 quod
1789 938 1873 984 cef

283 1006 523 1072 rebellum
576 989 866 1073 contineat,
917 1006 1083 1060 minus
1124 1023 1274 1074 quam
1321 1007 1580 1062 cerebrum
1629 1025 1657 1060 a
1693 1009 1871 1077 spinali

280 1095 495 1164 medulla
534 1104 583 1146 et
616 1094 730 1159 loco
778 1105 827 1144 et
872 1093 1107 1163 dignitate
1160 1107 1428 1149 remotum.

349 1184 471 1252 Post
515 1182 709 1251 thecam
753 1182 996 1250 medullae
1053 1195 1103 1241 et
1159 1183 1347 1236 cerebri
1386 1185 1746 1240 consideranda
1790 1205 1874 1242 ve-

290 1271 436 1337 niunt
478 1286 533 1323 ea
572 1285 724 1336 ossa,
765 1286 892 1336 quae
950 1282 1200 1337 tamquam
1250 1272 1549 1338 appendices
1608 1275 1742 1328 hisce
1789 1276 1875 1328 ad-

284 1362 506 1415 haerent.
582 1359 849 1428 Ejusmodi
898 1371 1018 1412 sunt
1064 1373 1179 1413 ossa
1230 1358 1408 1426 faciei,
1450 1378 1576 1427 quae
1620 1381 1735 1427 cum
1766 1382 1871 1428 cra?

283 1451 369 1505 nio
408 1462 560 1517 caput
595 1465 796 1505 osseum
846 1464 1179 1515 componunt.
1256 1451 1393 1503 Haec
1451 1453 1650 1518 quidem
1673 1494 1693 1520 ,
1745 1472 1875 1521 quae

285 1540 384 1599 huc
430 1555 593 1603 usque
649 1538 1112 1601 consideravimUS,
1166 1554 1280 1599 ossa
1334 1540 1384 1589 in
1430 1541 1665 1593 omnibus
1697 1556 1871 1599 ,verte-

287 1627 441 1689 bratis
495 1636 806 1690 occurrunt,
867 1624 1010 1690 spina
1058 1625 1244 1677 scilicet
1289 1627 1609 1694 vertebralis,
1668 1630 1718 1681 in
1768 1647 1869 1699 qua

281 1715 496 1772 medulla
545 1714 748 1781 spinalis
787 1715 1108 1779 reconditur,
1149 1732 1263 1768 ossa
1300 1718 1450 1770 cranii
1492 1719 1750 1773 cerebrum
1795 1736 1870 1776 te.-

279 1801 476 1870 gentia,
528 1817 762 1867 quaeque,
821 1802 898 1854 1115
946 1803 1260 1870 junguntur,
1317 1807 1376 1857 ad
1414 1806 1716 1875 obtegendas
1754 1826 1865 1865 sen÷

277 1908 427 1958 suum
476 1891 693 1957 officinas
719 1929 737 1955 ,
777 1889 915 1943 faciei
954 1908 1086 1950 ossa.

349 1980 448 2033 Hic
499 1979 649 2048 igitur
693 1979 808 2031 huic
848 1982 876 2047 §
914 1980 1064 2044 finem
1113 1981 1500 2052 inponeremUS,
1541 1989 1634 2045 nisi
1688 1990 1861 2056 paucis

283 2068 426 2130 etiam
471 2080 603 2121 esset
648 2071 1024 2122 monstrandum
1050 2110 1068 2137 ,
1107 2088 1212 2138 quo
1261 2076 1414 2128 modo
1462 2076 1580 2130 aliae
1626 2079 1862 2146 appendi-

279 2173 364 2221 ces
428 2157 636 2228 spinae,
695 2175 842 2224 quam
907 2171 1161 2229 tamquam
1224 2162 1380 2227 totius
1448 2167 1618 2228 sceleti
1670 2181 1861 2235 partem

279 2245 587 2306 essentialem
628 2232 1085 2315 considemvimus,
1124 2251 1362 2306 oriantur.
1445 2256 1662 2310 Breviter
1708 2259 1860 2326 igitur

278 2334 543 2405 dicendum
575 2346 650 2388 est
686 2336 747 2387 de
793 2348 907 2390 ortu
950 2350 1203 2393 costarum
1237 2342 1435 2409 pelvis,
1475 2348 1857 2403 extremitatum.

326 2416 508 2494 Quod
568 2424 628 2501 ad
690 2436 856 2477 costas
911 2425 1122 2496 attinet,
1180 2428 1340 2483 vaiiae
1387 2433 1653 2499 admodum
1697 2451 1863 2504 partes

279 2512 376 2574 hoc
407 2514 607 2567 1101111110
650 2513 1006 2582 insigniuntui.
1085 2515 1274 2571 Omnes
1306 2520 1434 2575 enim
1479 2526 1648 2578 annuli
1694 2530 1859 2595 ossei,

281 2613 330 2653 et
370 2602 456 2666 qui
503 2603 756 2668 thoraciS,
801 2615 849 2654 ct
905 2604 991 2668 qui
1043 2604 1321 2660 abdominis
1363 2626 1538 2665 cavum
1599 2615 1858 2671 includunt

281 2688 347 2740 ita
372 2702 650 2755 vocantur,
682 2705 730 2741 et
756 2706 783 2741 a
813 2682 1067 2771 nonnullis
1098 2696 1424 2764 auctoribus,
1455 2701 1503 2752 D
1521 2719 1553 2753 u
1571 2721 1673 2757 ver
1687 2721 1718 2757 11
1737 2724 1761 2758 0
1779 2724 1857 2773 yo

281 2775 468 2857 scilicet
511 2788 560 2829 et
601 2777 726 2830 Car
744 2793 812 2842 0,
842 2794 985 2832 arcus
1031 2780 1175 2831 etiam
1207 2782 1462 2838 bianchias
1494 2789 1705 2853 piscium
1748 2811 1862 2853 5115-

278 2865 490 2920 tinentes
519 2878 685 2924 costae
717 2867 969 2921 dicuntur.
1042 2870 1121 2921 De
1159 2871 1269 2937 1115,
1320 2889 1380 2925 an
1423 2875 1521 2929 sint
1553 2896 1720 2935 revera
1746 2900 1858 2938 cos-

281 2967 358 3008 tae
387 2969 480 3012 nec
519 2970 619 3019 ne,
651 2970 826 3022 postea
870 2956 1165 3013 videbimus.
1242 2962 1369 3016 Illud
1401 2980 1533 3019 nunc
1573 2985 1731 3046 scopo
1767 2990 1864 3043 nQ·

279 3054 384 3096 stro
428 3045 608 3098 sufficit
657 3048 1070 3114 animadveitere,
1126 3055 1262 3117 quod
1306 3068 1529 3111 anatome
1576 3078 1857 3132 comparata

281 3132 456 3198 doceat
482 3147 676 3212 0051115,
722 3155 846 3214 quae
879 3155 992 3196 cum
1019 3139 1157 3209 spina
1189 3144 1369 3207 dorsali
1396 3148 1691 3216 cohaerent,
1732 3165 1855 3205 tam

1709 3259 1855 3308 quam
