2266 3923
627 228 704 307 52
778 207 1120 342 scum-ro
1155 244 1503 309 «PISCHJM.
1793 225 1865 315 εὶ

353 372 509 477 Quod
571 417 692 457 vero
747 417 838 472 or
811 416 930 457 <rana
971 402 1100 459 vitae
1149 402 1409 473 organicae
1465 401 1574 456 sint
1621 405 1848 469 evoluta
1832 438 1867 473 ,,

275 467 413 562 patet
458 508 518 546 ex
564 491 754 561 magnis
817 506 910 562 or
882 492 1019 547 <ranis
1070 493 1375 563 generationi
1418 487 1643 557 dicatiS,
1675 508 1736 545 ex
1781 493 1861 546 in,

280 581 416 651 genti
459 579 637 648 hepate
679 584 836 654 caet.
895 583 1078 644 Forma
1129 582 1480 656 intestinorum
1530 596 1649 634 cum
1699 581 1857 636 totius

269 668 502 737 ,corporis
544 668 702 736 figura
761 646 1017 724 convenit·⁰
1088 671 1163 729 ¹In
1204 688 1452 738 corpore,
1509 669 1654 736 quale
1707 684 1862 735 squa‘-

265 758 431 812 lorum
476 768 583 823 est,
627 768 723 823 pro
770 756 943 824 multis
977 756 1439 825 multiplicibusque
1501 756 1853 833 intestinorum

262 845 399 914 gyris
442 847 659 913 spatium
696 851 809 901 'non
854 847 1056 914 aderat,
1109 861 1160 900 et
1204 860 1338 902 recta
1377 847 1482 902 fere
1516 848 1674 902 tendit
1707 861 1854 911 trac,-

264 944 351 989 tus
395 933 686 988 intestinalis
733 951 762 988 a
808 935 991 1002 pyloro
1033 950 1213 989 versus
1259 949 1431 989 anum.
1505 935 1607 990 Cui
1644 937 1848 1001 quidem

265 1021 616 1077 intestinorum
636 1021 866 1077 brevitati
897 1023 1045 1076 talem
1061 1023 1285 1091 adjunxit
1316 1035 1492 1078 natura
1521 1039 1668 1091 appar
1663 1038 1809 1078 atum
1827 1064 1850 1090 ,

267 1127 372 1178 quo
417 1125 516 1179 aug
500 1123 684 1169 eretur
742 1110 1034 1177 superficies
1095 1111 1444 1166 intestinorum
1488 1130 1585 1181 pro
1633 1115 1852 1170 vasculis

258 1200 465 1268 chylum
492 1169 872 1265 haurientibus,
914 1209 965 1250 et
1010 1198 1139 1250 idem
1179 1198 1332 1265 igitur
1367 1200 1862 1268 effice1·etur‚quod-

259 1286 314 1352 ἰὴ
338 1286 468 1357 ,aliis
518 1286 757 1361 longiori
795 1285 1147 1352 intestinorum
1192 1296 1374 1340 tractu.
1466 1288 1703 1357 Magnam
1752 1292 1849 1354 sci-

257 1374 372 1428 licet
422 1375 708 1429 membrana
749 1375 941 1428 interna
986 1375 1167 1443 plicam
1213 1375 1431 1442 format,
1473 1393 1622 1443 quam
1667 1381 1849 1433 scalun

245 1463 508 1528 afflnstar‚
531 1463 702 1530 spirali
739 1463 965 1528 vortice,
1000 1480 1028 1516 a
1076 1464 1262 1531 pyloro
1306 1466 1368 1517 ad
1404 1480 1554 1518 anum
1593 1467 1842 1521 cemimus

250 1552 633 1615 decurrentem,
673 1551 833 1603 simile
879 1550 1002 1616 quid
1049 1551 1192 1602 etiam
1246 1552 1296 1602 in
1341 1554 1454 1617 iajis
1492 1553 1702 1618 aliisque
1751 1556 1845 1606 ob-

252 1651 529 1696 servantes·
601 1640 660 1692 In
706 1638 960 1706 plerisque
1024 1638 1249 1704 piscibus
1296 1637 1461 1691 brevis
1528 1652 1605 1691 est
1654 1641 1847 1695 intesti-

249 1745 435 1785 norum
481 1740 672 1782 tractus
698 1768 716 1793 9
779 1729 925 1796 cujus
983 1741 1088 1779 non
1132 1726 1228 1779 uisi
1274 1726 1492 1779 dilatatio
1555 1744 1663 1779 csse
1710 1729 1845 1783 vide-

250 1831 335 1874 tur
384 1817 708 1873 ventricUIUS.
783 1817 907 1869 Fere
961 1830 1136 1870 omncs
1187 1815 1351 1882 pisces
1409 1818 1588 1883 pracda
1633 1835 1845 1873 vescun-

242 1896 325 1963 tur
366 1904 582 1961 animali.
1787 1971 1791 1975 ⁴

252 2047 255 2050 ,
316 1994 418 2050 Sed
451 2009 515 2047 ne
545 1994 744 2057 videar,
794 2007 907 2045 cum
959 1993 1019 2044 de
1059 1993 1246 2045 secieto
1298 1992 1508 2060 piscium
1569 1997 1711 2062 loqui
1758 1999 1842 2052 dc-

245 2084 424 2149 beam,
468 2082 531 2136 ab
560 2093 855 2150 argumento
877 2080 1135 2146 aberrare,
1170 2082 1334 2148 aliqua
1367 2083 1656 2138 delinitione
1691 2103 1840 2154 geue-

244 2173 394 2227 talem
462 2182 791 2240 conspectum
864 2170 978 2223 dare
1022 2170 1245 2223 conabor
1295 2172 1450 2226 totius
1498 2174 1712 2240 piscium
1758 2176 1835 2231 fa-

239 2248 420 2315 bricae.
858 2320 860 2323 ,
1831 2331 1834 2335 .

308 2349 480 2405 Pisces
545 2347 693 2416 igitur
748 2358 900 2401 sunt:
971 2348 1233 2400 animalia
1295 2348 1602 2403 vertebram
1654 2354 1831 2407 aerem

235 2455 408 2511 aquae
472 2442 759 2493 imnixtum
815 2438 1082 2491 branchiis
1129 2451 1233 2509 per
1276 2450 1440 2492 totam
1492 2444 1655 2495 vitam
1699 2457 1830 2514 per-

239 2528 540 2582 sistentibus
578 2543 775 2600 semper
822 2530 1193 2598 respirantia,-
1244 2532 1498 2598 sangm'ne
1526 2531 1688 2583 rubro
1709 2534 1827 2600 fri-

233 2618 396 2688 gide,
445 2617 713 2689 cordisque
744 2616 1032 2672 ventriculo
1078 2620 1227 2669 unico
1258 2617 1563 2670 bmnclziali
1592 2631 1829 2673 tantam·-

237 2692 383 2759 modo
413 2705 694 2772 instruct-a,
733 2722 877 2776 squa,
871 2707 963 2758 nis
1010 2716 1186 2772 tecta,
1218 2709 1509 2776 pinnarum
1545 2711 1827 2764 branchia·

235 2810 460 2864 rumque
506 2806 592 2862 ope
642 2795 919 2843 natantia.

303 2881 463 2952 Quod
504 2881 554 2932 in
607 2879 713 2933 aliis
764 2850 964 2945 organis
1007 2877 1221 2943 piscium
1264 2881 1527 2948 cerninus,
1581 2882 1633 2937 id
1678 2884 1824 2939 etiam

235 2977 285 3026 et
334 2972 599 3045 praecipue
654 2969 704 3022 in
760 2968 959 3022 ossibus
1000 2968 1363 3035 obseivamus‚
1419 2970 1690 3042 simplicem
1728 2976 1824 3044 sci-

233 3061 349 3137 licet
387 3059 619 3115 fabricam
645 3097 663 3122 ‚
716 3070 764 3111 et
814 3073 928 3111 cum
968 3055 1112 3109 foetu
1156 3060 1488 3113 mammalium
1520 3064 1818 3132 analogiam.

232 3152 349 3222 Qua
406 3150 456 3204 in
531 3168 584 3204 re
645 3148 828 3226 duplici
885 3163 1019 3203 nunc
1064 3146 1221 3202 simus
1269 3152 1558 3218 generaliori
1609 3154 1825 3229 animad-

1039 3236 1084 3290 C
1127 3254 1153 3304 3
1315 3291 1318 3295 ,
1729 3233 1839 3296 νειέ
