2266 3923
600 251 676 289 DE
747 223 1102 287 SCELETo'
1155 229 1467 287 PISCIUM.
1751 248 1815 302 71

211 401 320 440 rum
363 384 493 440 libri.
563 382 750 437 Pinnae
815 384 1036 442 dorsales
1088 394 1237 449 atque
1290 383 1453 436 anales
1495 397 1614 435 cum
1655 385 1799 452 spina

212 476 476 528 cohaerent
529 487 627 538 ope
684 473 1018 527 ossiculorum
1062 473 1201 535 inter,
1241 472 1532 540 apophyses
1565 469 1815 538 spinosas·

210 565 369 630 spatia
422 578 578 615 vacua
632 562 1024 629 adimplentium.
1116 560 1356 615 Ultimam
1427 576 1549 614 vero
1610 561 1799 614 caudae

208 649 484 705 vertebram
547 650 754 704 laminae
795 652 1013 706 adinstar
1060 666 1327 717 expansam
1379 666 1524 716 esse,
1573 661 1634 705 ut
1672 666 1797 718 pos·
1846 649 1850 651 ξ

206 739 273 790 sit
328 733 580 807 caudaIem
644 737 848 804 pinnam
917 737 1166 791 sustinere
1186 777 1204 803 ‚
1252 739 1354 805 jam
1399 755 1553 805 supra
1595 738 1798 794 monui-

203 840 315 877 mus
378 826 485 892 (V.
551 823 713 891 Supra
771 842 826 891 p.
879 826 947 876 26
962 824 1008 890 ).
1093 824 1153 876 In
1202 823 1600 894 Pleuronectide
1641 827 1799 895 pinna

203 911 418 966 caudalis
456 926 562 965 non
598 912 675 965 uti
728 912 779 964 in
824 912 1028 978 reliquis
1076 911 1300 978 piscibus
1339 914 1624 981 verticalis,
1674 919 1797 986 sed,

205 1015 355 1065 quem
407 1003 469 1054 ad
515 1004 721 1070 modum
763 1005 816 1056 in
863 1004 1070 1060 cetaceis
1115 1006 1284 1058 locum
1326 1005 1514 1072 habet,
1552 1006 1797 1061 horizon·
1847 1021 1850 1023 ·

202 1089 312 1143 talis
378 1103 488 1155 est,
565 1094 703 1158 quod
743 1090 771 1145 e
829 1104 1023 1146 mutato
1070 1092 1174 1146 situ
1216 1092 1422 1148 relativo
1466 1094 1600 1148 facili
1637 1110 1796 1164 nego-

205 1177 278 1229 tio
335 1191 507 1244 potest
564 1181 788 1249 intelligi.
862 1182 921 1234 In
964 1182 1063 1233 hoc
1106 1182 1285 1248 genere
1330 1183 1484 1249 pinna
1532 1185 1687 1239 analis
1735 1201 1795 1240 ac

202 1263 413 1319 dorsalis
451 1267 633 1336 insigni
678 1269 830 1321 modo
878 1269 1080 1323 evoluta
1128 1280 1241 1336 est,
1294 1281 1343 1322 et
1390 1271 1442 1324 in
1485 1271 1794 1326 Pleuronaec-

201 1354 309 1406 tide
365 1357 682 1428 hippoglosso
747 1359 951 1426 pinnam
1019 1358 1265 1412 dorsalem
1329 1360 1381 1411 in
1456 1347 1653 1413 cranio'
1684 1373 1798 1416 ante

202 1444 412 1499 orbitam
455 1464 620 1515 usque
667 1450 767 1504 vidi
806 1451 1170 1504 decurrentem.

271 1536 365 1588 Uti
429 1537 646 1590 caudalis
726 1538 879 1603 pinna
944 1538 1106 1591 motui
1171 1538 1378 1591 inservit
1435 1540 1798 1607 progressiVO‚

200 1638 318 1676 cum
371 1639 525 1689 supra
579 1624 869 1677 monuimus
932 1625 1139 1676 caudam
1185 1624 1421 1691 princeps
1470 1641 1581 1679 esse
1627 1640 1801 1682 motus

200 1709 253 1762 in
299 1710 524 1777 piscibus
572 1712 998 1777 instrumentum⁹
1051 1713 1120 1765 sic
1168 1715 1401 1767 ventralis
1449 1728 1600 1782 atque
1641 1717 1797 1771 analis

197 1799 350 1865 pinna
390 1811 584 1853 tantum
624 1801 776 1852 modo
821 1802 882 1852 ad
920 1802 1210 1853 servandam
1264 1803 1544 1857 verticalem
1576 1805 1626 1858 in
1652 1804 1797 1873 aquis

198 1888 501 1955 positionem
545 1888 776 1942 videntur
829 1886 1054 1955 piscibus
1093 1887 1331 1942 inservire
1378 1891 1519 1960 (u).

333 2067 361 2131 ᾗ
403 2079 453 2129 7.
527 2065 611 2119 De
656 2065 924 2117 branchiis
973 2082 998 2115 e
1053 2065 1498 2133 Brugmansii
1558 2086 1667 2121 sen·

578 2158 747 2208 tentia
797 2157 963 2207 motui
1004 2156 1420 2209 inservientibus.

267 2335 325 2388 In
370 2351 461 2399 ea,
502 2350 652 2399 quam
696 2350 847 2400 supra
878 2332 1137 2387 citavimus
1162 2373 1179 2399 ‚
1225 2333 1382 2386 celeb.
1429 2334 1797 2403 Brugman-

190 2424 278 2478 sii
314 2424 374 2476 de
428 2434 600 2474 natatu
651 2420 864 2488 piscium
915 2421 1293 2487 disputati0ne‚
1349 2434 1457 2474 tum
1515 2440 1643 2491 quae
1695 2424 1790 2478 hac

193 2516 254 2567 de
317 2531 370 2566 re
430 2514 528 2580 jam
595 2522 714 2562 nota
772 2523 949 2575 erant,
1004 2525 1141 2564 novo
1188 2509 1390 2563 tradidit
1436 2513 1647 2580 ordine,
1701 2528 1794 2567 no-

191 2619 367 2669 vaque.
400 2602 555 2655 veluti
600 2602 710 2654 luce
755 2599 1109 2667 collustravit,
1177 2612 1285 2655 tum
1335 2601 1480 2655 etiam
1524 2602 1658 2657 notis
1703 2619 1790 2656 su-

1681 2706 1798 2757 per-

249 2797 274 2845 (
292 2810 317 2836 u
334 2793 361 2848 )
396 2794 512 2833 Inter
550 2793 695 2843 capitis
735 2802 776 2831 ct
806 2792 1018 2842 pinnarum
1063 2792 1392 2843 magnitudinem
1436 2806 1567 2836 nexus
1609 2795 1778 2845 quidam

197 2866 329 2913 adest,
345 2876 468 2913 quem
497 2864 534 2903 G
552 2862 645 2903 old
660 2874 678 2901 s
694 2874 732 2901 m
749 2862 762 2901 i
778 2871 794 2901 t
810 2863 835 2901 h
865 2864 1108 2902 observavit
1124 2891 1138 2911 ‚
1157 2871 1200 2901 et
1226 2864 1256 2902 B
1273 2875 1294 2901 a
1310 2876 1328 2902 1·
1343 2873 1356 2902 t
1372 2865 1397 2902 h
1413 2875 1434 2902 e
1448 2865 1500 2904 zi
1520 2877 1541 2904 u
1558 2876 1577 2904 s
1605 2864 1778 2907 ulterius

108 2952 112 2956 ·
197 2944 436 2988 persecutus
486 2942 563 2973 est.
630 2930 740 2971 Vide
781 2929 901 2982 hujus
943 2944 1047 2981 opus
1087 2932 1297 2972 laudatum
1361 2961 1396 2982 ‚‚
1430 2934 1648 2974 Nouvelle
1687 2936 1780 2975 Μὲ-

198 3008 407 3057 clzanique
449 3012 531 3043 ete.
563 3011 610 3054 p.
658 3002 762 3051 168,
806 3000 895 3053 169.
954 3001 1180 3041 Caeterum
1223 3003 1273 3041 de
1313 3003 1389 3041 hac
1431 3012 1474 3042 et
1514 3003 1779 3053 praecedenti

196 3078 216 3125 §
263 3075 531 3114 conserendus
579 3072 744 3114 omnino
796 3082 857 3112 cst
907 3072 1234 3115 Roseus-11:11
1276 3074 1314 3112 iu
1365 3073 1548 3116 Rcil's
1589 3075 1774 3117 Archiv.

191 3146 248 3187 X·
303 3144 349 3184 S·
385 3154 458 3193 359
487 3152 606 3193 *370-
