2266 3923
381 199 448 257 74
765 181 1608 242 DISSERTATIO

335 377 343 387 .
378 350 561 407 genere
613 353 730 392 ossa
782 337 1049 390 maxillaria
1105 337 1198 390 tria
1237 337 1422 389 adsunt
1441 376 1460 402 ,
1512 353 1640 403 quae
1670 353 1872 394 sursum
1899 358 1975 397 ar.

372 444 491 484 cum
531 443 814 482 convexum
857 426 1083 491 faciunt,
1151 436 1266 479 ante
1302 440 1453 490 quem
1496 423 1668 478 similis
1715 445 1860 485 arcus
1914 432 1978 486 ab

375 515 839 572 intermaxillaribus
906 514 1155 569 formatus
1228 512 1430 581 positus
1497 524 1607 579 est,
1681 533 1798 571 cum
1874 536 1980 585 quo

374 606 552 659 mobili
620 605 855 659 cohaeret
919 606 1176 674 junctura.
1264 604 1498 668 Uterque
1553 619 1699 658 arcus
1745 607 1980 663 dentibus

371 709 525 750 caret.
601 697 660 749 In
702 709 849 746 esoce
895 705 1171 759 utrumque
1220 708 1279 745 os
1327 691 1553 744 maxillae
1593 694 1869 760 superioris
1920 713 1982 750 ex

371 788 559 858 duplici
611 800 755 857 parte
824 786 1073 856 disjuncta
1128 784 1488 850 componitur,
1554 799 1769 847 quarum
1832 785 1985 838 altera

370 894 550 933 versus
605 895 722 934 ossa
778 877 887 930 nasi
939 873 1159 928 decurrit
1177 911 1197 938 ,
1250 883 1300 923 et
1340 887 1457 924 cum
1509 883 1755 941 processu
1803 872 1984 925 nasali

369 981 545 1037 potest
599 965 908 1034 comparari,
973 963 1124 1016 altera
1142 1002 1161 1028 ,
1213 959 1478 1015 lateraliter
1533 960 1699 1027 posita
1720 999 1739 1026 ,
1794 960 1982 1015 labium

368 1059 606 1126 superius
669 1055 920 1120 sustinet,
976 1064 1025 1106 et
1082 1067 1199 1106 cum
1243 1065 1489 1122 processu
1536 1051 1804 1104 alveolari
1846 1066 1983 1103 com-

365 1147 531 1216 parari
582 1163 739 1216 posse
773 1147 993 1201 videtur.
1066 1144 1126 1196 In
1175 1143 1276 1196 hoc
1309 1143 1448 1210 pisce
1493 1157 1552 1195 os
1605 1141 1987 1195 intermaxillare

367 1252 432 1291 ex
476 1235 640 1292 tribus
684 1234 1029 1303 compositum
1061 1243 1140 1287 est
1182 1231 1409 1300 partibus
1432 1271 1451 1298 ,
1492 1248 1621 1297 quae
1653 1230 1791 1284 inter·
1814 1230 1986 1284 maxil-

365 1325 466 1378 lam
513 1327 862 1394 superiorem,
917 1341 1037 1379 ossa
1084 1324 1335 1396 palatina,
1374 1321 1557 1375 nasalia
1599 1334 1751 1387 atque
1799 1336 1859 1373 os
1892 1336 1987 1373 vo·

367 1412 520 1467 meris
569 1415 877 1481 collocatae,
931 1413 1276 1479 dentibusque
1317 1411 1595 1464 instructae
1646 1423 1758 1461 esse
1812 1407 1989 1460 obser-

364 1514 551 1558 vantur
580 1505 728 1573 (x).
803 1504 863 1557 In
898 1501 1068 1558 siluris
1113 1518 1230 1556 ossa
1274 1499 1500 1554 maxillae
1544 1495 1822 1565 superioris
1864 1513 1980 1563 per-

367 1590 548 1659 exigua
604 1602 758 1658 sunt,
837 1602 888 1643 et
945 1590 1015 1658 [in
1077 1591 1360 1643 tentaculos
1424 1586 1575 1654 capiti
1658 1587 1981 1641 adhaerentes

361 1691 574 1734 mutata.

441 1767 641 1834 Supra,
701 1782 820 1822 cum
881 1768 943 1820 de
1002 1765 1166 1819 orbita
1215 1765 1449 1833 egimus,
1509 1776 1679 1831 partes
1739 1765 1982 1831 quasdam

309 1886 311 1888 ·
367 1854 502 1910 ossis
542 1855 726 1925 jugalis
753 1857 855 1925 J‘am
889 1855 1270 1924 descripsimus.
1350 1854 1545 1925 Corpus
1589 1856 1709 1906 ossis
1724 1854 1980 1924 jugalis,

366 1962 418 2000 as
447 1945 648 2016 jugale
691 1949 935 1999 anterius
977 1961 1025 1999 s.
1062 1947 1348 2015 proprium
1372 1979 1391 2007 ,
1445 1957 1685 1994 vocamus
1733 1957 1839 1995 evam
1869 1959 1983 2008 par-

368 2047 470 2089 tem
492 2076 510 2103 ,
582 2051 711 2102 quae
757 2035 819 2087 ab
872 2034 1210 2088 ossiculorum
1258 2030 1386 2083 infra
1438 2031 1650 2083 orbitam
1697 2029 1987 2096 positorum

368 2127 496 2180 serie
556 2125 765 2191 oblique
823 2137 1112 2177 antrorsum
1160 2120 1414 2175 descendit
1439 2160 1457 2185 ,
1512 2132 1561 2172 et
1611 2119 1865 2187 apophysi
1914 2119 1989 2172 in-

372 2228 564 2271 structa
578 2227 655 2269 est
681 2213 963 2280 articulari,
1001 2199 1097 2280 pro
1151 2210 1329 2263 mobili
1375 2226 1491 2263 cum
1538 2208 1761 2263 inferiori
1789 2209 1987 2262 maxilla

373 2322 526 2360 nexu.
603 2306 749 2359 Hanc
778 2315 972 2372 partem
1013 2301 1180 2356 minus
1212 2312 1346 2352 recte
1388 2300 1509 2368 Boj
1534 2315 1700 2352 anus
1745 2314 1842 2366 pro
1889 2300 1986 2351 ala

374 2400 591 2448 interna
618 2409 887 2467 processus
908 2392 1274 2466 pterygoidei,
1319 2408 1363 2442 s.
1398 2407 1498 2442 osse
1536 2387 1870 2460 pterygoideo
1909 2405 1985 2439 se·

360 2486 554 2552 juncto
596 2485 779 2538 habere
825 2483 948 2537 mihi
991 2483 1190 2537 videtur
1232 2479 1373 2548 (y).
1468 2479 1604 2532 Huic
1653 2478 1757 2533 ossi
1809 2478 1988 2531 adhae-

378 2589 456 2630 ret
502 2595 552 2629 os
595 2575 961 2648 quadratum,
1013 2573 1094 2627 vel
1133 2589 1189 2624 ea
1216 2570 1347 2624 ossis
1399 2569 1626 2636 quadrati
1670 2586 1819 2635 parS,
1861 2584 1991 2634 quae

380 2668 548 2723 tenuis
615 2680 664 2721 et
717 2664 1012 2720 orbicularis
1083 2662 1260 2716 lamina
1314 2671 1427 2727 est,
1496 2676 1750 2726 quamque
1792 2675 1841 2709 os
1888 2656 1990 2709 dis-

382 2757 617 2811 coideum
681 2769 885 2811 vocant.
957 2757 1096 2810 Pone
1144 2771 1203 2806 os
1253 2752 1566 2806 discoideum
1615 2748 1860 2817 reperitur
1906 2746 1991 2798 de-

381 2847 535 2914 nique
577 2846 746 2914 ipsum
791 2863 849 2899 os
898 2845 1229 2912 quadratum,
1265 2860 1308 2896 s.
1348 2855 1486 2914 pars
1521 2842 1823 2911 tympanica
1858 2847 1986 2887 tem-

1901 2935 1992 2992 po-

440 3055 559 3112 (x)
601 3058 782 3099 Carus
823 3057 1043 3099 Zoiitomie
1085 3058 1133 3096 S.
1177 3064 1267 3096 ιιι.

444 3132 545 3181 (y)
588 3131 679 3170 Isis
723 3130 838 3171 1813.
883 3130 923 3171 1.
971 3131 1017 3170 S.
1059 3138 1150 3179 505.
1197 3124 1268 3165 Cf.
1319 3124 1369 3166 S.
1420 3120 1513 3173 508.
1545 3118 1625 3159 ΝΟ.
1657 3128 1723 3169 27.
