2266 3923
565 324 642 363 DE
713 270 1075 365 seELETo'
1121 284 1430 363 P'ISCIUM.
1724 256 1791 385 §7

188 463 445 518 summitas
512 460 744 528 trianguli
789 461 1047 528 superiora
1097 475 1249 530 atque
1314 459 1548 515 interiora
1599 474 1775 518 versus

186 551 446 618 reperitur.
537 548 685 603 Circa
751 549 872 603 haec
942 567 1056 604 ossa
1116 548 1371 618 praecipui
1415 544 1581 601 trunci
1625 544 1776 599 bran-

179 639 362 692 chiales
421 635 825 702 distribuuntur,
896 655 1023 703 quae
1080 657 1200 693 vasa
1244 638 1389 692 etiam
1443 635 1505 690 ab
1555 628 1623 688 iis'
1674 634 1777 687 sin-

181 725 339 794 gulari
419 723 609 776 ratione
684 723 1021 777 defenduntur
1039 763 1058 789 ,
1138 743 1255 780 cum
1333 740 1506 779 secum
1564 721 1776 776 invicem

173 814 386 878 ,oblique
415 812 783 877 conjUngantur
800 846 821 875 ,
858 823 908 863 et
949 812 1166 864 canalem
1212 828 1307 878 pro
1349 810 1598 865 contentis
1628 822 1773 866 trun-

181 901 253 954 cis
317 899 543 953 efficiant.
631 898 974 966 Triangularis
1041 899 1202 953 forma
1260 901 1416 970 hujus
1466 900 1597 952 tertii
1639 898 1772 954 ossis

178 987 328 1040 etiam
394 1003 543 1039 causa
608 997 684 1038 est
743 986 930 1039 latioris
993 988 1100 1055 eius
1162 989 1373 1054 baseOS,
1442 1004 1655 1054 quacum
1709 1003 1772 1042 os

176 1075 382 1129 inferius
448 1089 551 1127 non
611 1085 802 1126 tantum
864 1073 996 1126 tertii
1057 1076 1146 1127 sed
1208 1076 1351 1129 etiam
1419 1075 1578 1142 quarti
1624 1090 1771 1131 arcus

176 1167 426 1220 cohaeret.
499 1163 616 1217 Hoc
661 1176 826 1216 autem
871 1163 1144 1217 introrsum
1191 1166 1347 1232 magis
1390 1165 1659 1231 inseritur,
1719 1177 1770 1219 et

177 1254 270 1306 hac
352 1253 542 1306 ratione
620 1267 827 1317 quartus
923 1266 1068 1304 arcus
1139 1252 1360 1306 omnium
1435 1251 1767 1307 brevissimus

177 1342 252 1395 fit.
321 1367 389 1382 --
435 1341 683 1411 Quartum
745 1356 835 1407 par
897 1339 1086 1392 ossium
1147 1340 1284 1406 (cr)
1353 1356 1489 1406 pone
1539 1353 1772 1408 quartum

175 1446 344 1484 arcum
388 1429 632 1495 reperitur
652 1467 671 1492 ,
723 1439 773 1479 et
822 1427 884 1479 ad
922 1426 1076 1494 hujus
1105 1426 1454 1480 formationem
1485 1429 1617 1482 haud
1641 1444 1764 1482 con-

178 1519 294 1572 fert.
383 1518 529 1570 Hanc
593 1516 739 1569 etiam
804 1515 870 1568 ob
939 1530 1136 1569 causam
1197 1517 1352 1583 magis
1400 1533 1518 1570 ossa
1561 1517 1644 1570 illa
1687 1533 1775 1569 ex·

171 1617 441 1671 crescunt,
491 1607 831 1673 majoremque
867 1603 1143 1658 formarum
1191 1604 1431 1657 obferunt
1482 1603 1770 1657 varietatem

175 1709 324 1759 quam
379 1709 494 1747 ossa
542 1694 726 1759 priora.
803 1693 902 1745 Sed
949 1705 1197 1759 praeterea
1242 1693 1460 1759 margine
1499 1693 1768 1760 posteriori

200 1789 302 1840 iim
350 1783 640 1850 oesophago
699 1782 965 1835 cohaerent
1030 1782 1091 1833 ad
1153 1779 1437 1840 inferiorem
1489 1781 1764 1850 pharyngis

175 1883 225 1921 et
253 1871 495 1936 posticam
541 1884 730 1937 partem
783 1872 1056 1935 collocata,
1096 1869 1169 1921 uti
1199 1870 1259 1921 ad
1294 1870 1602 1935 superiorem
1644 1885 1764 1924 ossa

175 1959 523 2025 pharyngealia
563 1959 839 2024 superiora.
917 1959 1048 2011 Ossa
1095 1956 1367 2023 pbaryngis
1418 1955 1654 2010 inferiora
1677 1974 1770 2011 vo-

182 2046 280 2097 cari
335 2047 536 2111 solent,
604 2059 651 2097 et
725 2047 797 2098 uti
846 2043 1194 2110 pharyngcalia
1242 2044 1498 2109 superiora
1536 2045 1606 2098 sic
1651 2046 1773 2100 haec

175 2135 318 2187 etiam
365 2134 596 2187 dentibus
635 2134 877 2186 instructa
930 2143 1052 2184 sunt
1106 2131 1235 2195 (c).
1311 2132 1456 2183 Licet
1503 2150 1616 2185 eum
1644 2136 1770 2200 pha-

178 2239 333 2292 rynge
377 2225 700 2287 cohaereant,
758 2233 796 2275 ts
863 2236 922 2272 en
974 2220 1035 2271 ad
1078 2230 1366 2284 apparatum
1431 2223 1767 2288 respirationis

177 2325 226 2365 et
308 2313 677 2378 quodammodo
750 2312 893 2364 etiam
953 2309 1285 2362 circulationis
1352 2312 1618 2375 pertInent.
1703 2316 1763 2368 In

174 2400 458 2464 nonnullis,
514 2412 746 2452 monente
792 2399 981 2452 Geof
990 2399 1019 2451 f
1031 2416 1197 2465 roy,
1238 2399 1311 2452 uti
1355 2414 1473 2453 sunt
1500 2404 1766 2474 szhias,

173 2491 405 2554 Belone,
457 2487 858 2552 Chaetoclontes,
917 2487 1128 2551 Labri,
1178 2488 1292 2539 loco
1322 2488 1537 2543 duorum
1572 2492 1764 2546 ossium

177 2578 380 2632 unicum
444 2589 553 2642 est,
622 2577 671 2628 in
741 2577 868 2629 linea
917 2577 1073 2629 media
1118 2577 1377 2643 positum,
1428 2579 1763 2647 triangulare,

175 2669 237 2720 ad
296 2668 440 2719 latera
495 2682 759 2722 excurrens
804 2679 853 2720 et
897 2667 946 2718 in
1000 2667 1245 2733 superiori
1296 2669 1556 2734 superficie
1607 2671 1764 2722 denti-

176 2758 272 2812 bus
333 2757 662 2823 instructum,
737 2757 824 2822 qui
880 2754 1071 2809 laminis
1117 2757 1536 2824 pharyngealibus
1584 2758 1762 2813 baseos

174 2846 325 2900 cranii
369 2858 715 2913 opponuntur.

247 2935 351 2987 Has
398 2934 598 3001 quidem
646 2945 845 3001 parteS,
893 2949 1035 2987 arcus
1108 2934 1453 2987 branchiarum
1511 2954 1626 2990 cum
1678 2953 1761 2993 os-

179 3040 232 3076 se
278 3024 496 3090 hyoi'deo
559 3025 946 3090 conjungentes,
1014 3038 1126 3074 cum
1184 3023 1583 3091 cartilaginibUS,
1639 3042 1766 3092 quae

177 3112 227 3164 in
303 3113 406 3164 aliis
474 3103 798 3176 animalibus,
854 3111 1105 3177 lai-yngem
1161 3111 1507 3180 constituunt,
1562 3132 1760 3180 compa-

1654 3219 1763 3256 ran-

239 3307 338 3359 (c)
371 3310 499 3358 Supra
540 3307 619 3356 jam
660 3311 788 3349 verbo
830 3308 876 3345 de
920 3306 966 3345 iis
1006 3306 1211 3358 diximus,
1244 3307 1351 3357 Cap.
1396 3309 1454 3348 V.
1494 3317 1535 3358 [¹.
1564 3308 1630 3349 81.

1034 3377 1086 3428 N
