2266 3923
661 268 737 307 DE
811 250 1151 308 SCELETO
1179 238 1194 286 ’-
1222 247 1534 310 PISCIUM.
1820 275 1888 331 29,

293 407 424 506 {acet
472 400 672 471 spinalis
724 404 939 460 medulla
959 445 977 472 ‚
1048 421 1152 460 non
1202 407 1404 473 quidem
1446 417 1603 473 tecta,
1655 412 1729 463 uti
1779 414 1886 487 aliis

297 494 352 548 in
394 491 614 561 piscibus
659 494 1009 562 apophysibus
1051 495 1305 562 spinosi5‚
1345 507 1473 550 tecta
1510 509 1677 551 tamen
1721 499 1886 565 aliqua

299 581 524 647 ratione3
562 573 624 634 ab
660 593 879 667 utroque
910 584 1039 636 enim
1075 584 1184 638 tubi
1216 586 1367 662 latere
1405 582 1707 638 adscendunt
1738 587 1886 642 striae

297 667 634 736 cartilagineae
657 707 676 734 ‚
714 685 842 735 quae
886 669 1026 723 albae
1063 685 1185 725 sunt
1215 686 1264 725 et
1294 674 1540 741 opacitate
1571 690 1663 728 sua
1692 692 1720 728 a
1757 676 1887 731 tubo

291 755 545 824 pellucido
579 756 979 825 distinguuntur.
1052 759 1164 812 Hae
1213 772 1285 814 st1
1287 778 1360 815 1ae
1409 763 1675 830 utriusque
1721 765 1888 820 lateris

298 858 405 898 non
450 859 635 900 coeunt
656 884 674 910 ‚
712 847 801 898 sed
847 857 1040 900 tantum
1083 847 1236 901 modo
1278 849 1591 905 membranae
1623 837 1889 909 medullam

288 933 531 1001 spinalem
584 948 801 1000 superne
839 933 1052 1002 tegentis
1114 934 1435 1003 interventu,
1486 941 1884 1009 conjunguntur.

289 1022 485 1078 Versus
524 1023 730 1077 caudam
769 1020 926 1078 arcus
961 1023 1031 1076 illi
1078 1024 1182 1078 sive
1227 1027 1373 1080 striae
1419 1027 1574 1096 magis
1615 1029 1676 1081 ad
1718 1045 1772 1083 se
1815 1031 1890 1085 in-

291 1110 450 1165 vicem
513 1112 903 1166 extremitatibus
968 1112 1075 1166 suis
1153 1116 1416 1169 accedunt.
1493 1118 1668 1172 Caru
1687 1134 1710 1171 s
1760 1119 1888 1173 hanc

288 1198 592 1255 structuram
638 1215 755 1253 cum
808 1201 960 1270 spina
1004 1197 1170 1265 bifida
1218 1200 1352 1254 recte
1405 1219 1720 1271 comparasse
1766 1207 1889 1262 mihi

289 1284 489 1340 videtur
527 1281 672 1354 (Ζ)
743 1288 859 1355 Ego
907 1303 1012 1342 non
1049 1287 1145 1341 nisi
1183 1282 1422 1344 siccatum
1468 1292 1889 1363 Petromyzontt’s

287 1377 494 1427 marini
536 1375 775 1428 sceletum
818 1375 964 1441 potui
1010 1375 1317 1443 examinare,
1358 1379 1406 1431 in
1452 1397 1557 1446 quo
1595 1384 1687 1435 etsi
1749 1385 1886 1439 vide.

287 1461 379 1517 rim
424 1462 599 1516 indicia
647 1461 1062 1527 interstitiorum,
1118 1463 1302 1529 quibus
1349 1464 1578 1534 singulae
1631 1472 1886 1527 vertebrae

289 1550 700 1619 distinguuntur,
752 1566 992 1605 numerus
1042 1566 1204 1605 tamen
1265 1556 1444 1608 horum
1503 1558 1884 1615 interstitiorum

285 1639 449 1707 ,qualis
497 1647 667 1703 esset,
720 1637 861 1691 nullo
910 1639 1057 1705 plane
1102 1652 1253 1704 pacto
1306 1642 1451 1707 potui
1507 1642 1791 1700 observare.
1879 1653 1881 1655 ’

354 1727 672 1798 Squalorum
740 1729 882 1794 spina
934 1744 995 1782 ex
1037 1730 1167 1783 veris
1221 1732 1460 1784 vertebris
1516 1736 1871 1803 componitur,

286 1832 416 1885 quae
484 1815 785 1882 corporibus
849 1816 953 1869 suis
1000 1833 1172 1871 secum
1221 1819 1434 1872 invicem
1479 1823 1878 1891 conjunguntur.

285 1906 344 1959 In
435 1903 624 1957 conicis
704 1903 1000 1959 cavitatibus
1077 1907 1270 1977 Squali
1340 1913 1568 1964 maximi
1633 1911 1888 1978 liquidumx

280 2006 415 2049 tanta
441 1993 586 2060 copia
616 1991 936 2057 continetur,
977 2005 1026 2044 et
1056 2005 1192 2047 tanta
1219 1990 1295 2048 cst
1328 1997 1727 2054 membranarum
1757 1994 1880 2056 con-

280 2083 543 2138 tinentium
586 2080 980 2146 co11tractilitaS‚
1021 2093 1110 2144 ut,
1148 2096 1378 2137 narumtc
1417 2086 1707 2155 Nomio,
1759 2107 1878 2147 cum

282 2172 557 2252 aperiretur
601 2186 779 2224 cavum
834 2170 896 2222 ad
941 2169 1248 2224 altitudinem
1294 2185 1511 2238 quatuor
1545 2179 1727 2243 pedum
1759 2197 1878 2256 pro·

280 2245 472 2328 siluerit
505 2259 642 2330 (a).
721 2260 767 2313 C
790 2258 991 2315 uvicr
1007 2257 1116 2314 ius
1139 2259 1191 2314 in
1227 2260 1333 2315 suis
1365 2262 1426 2316 de
1456 2266 1698 2320 anatomia
1732 2286 1875 2322 com-

1790 2373 1880 2426 pa-

325 2509 438 2564 (ε)
476 2508 602 2552 Omni
645 2517 755 2559 certe
794 2505 1024 2548 attentione
1066 2507 1234 2560 dignum
1276 2519 1340 2562 est
1381 2511 1493 2575 quod
1537 2513 1866 2558 Meckelius

282 2578 702 2631 annotavit‚spinam
738 2575 908 2618 bifidam
936 2587 1058 2627 saepe
1097 2588 1191 2617 cum
1233 2579 1395 2620 coalitis
1426 2581 1628 2623 vertebtis
1655 2585 1866 2624 observari

285 2648 576 2699 conjunctam,
610 2646 850 2689 Handbttclz
878 2649 956 2687 der
985 2647 1224 2699 Patlzolog.
1256 2648 1488 2690 Anatomie
1514 2650 1596 2691 8vo
1629 2651 1667 2693 Ι.
1700 2654 1744 2693 S.
1765 2646 1859 2702 3822

280 2718 331 2759 In
380 2718 719 2767 Petromyzonte
769 2715 877 2756 enim
932 2725 976 2756 et
1027 2715 1145 2767 spina
1173 2717 1298 2758 bifida
1355 2728 1398 2759 et
1436 2722 1718 2761 vertebrarum
1761 2726 1861 2763 coa..

276 2787 375 2829 litus
412 2789 673 2829 obser-,vanu
729 2787 784 2826 Ni
811 2786 932 2825 fallor
969 2797 1162 2836 magnum
1189 2789 1350 2836 pondus
1391 2791 1493 2829 haec
1520 2790 1758 2832 observatio
1786 2794 1860 2832 ad-

276 2857 338 2898 dit
375 2856 589 2905 theoriae,
621 2855 670 2895 de
713 2853 903 2896 connatis
940 2855 1317 2898 monstrositatibus
1341 2869 1434 2899 cum
1461 2858 1699 2899 animalium
1723 2870 1858 2903 stt-uc

275 2936 367 2969 tura
405 2924 710 2976 comparandis.

322 2995 427 3048 (a)
469 3023 504 3045 „
535 2996 704 3036 Assoon
743 3006 795 3034 as
835 2994 922 3035 Mr.
969 2990 1123 3034 clift
1150 3001 1223 3033 cut
1265 2995 1353 3035 into
1395 2997 1467 3034 the
1508 2996 1803 3039 interverzebr
1807 3004 1856 3044 al

278 3066 508 3108 substance
546 3065 654 3107 with
695 3078 720 3105 a
765 3066 874 3107 viem
905 3072 946 3104 to
989 3068 1201 3116 separate
1243 3068 1314 3105 the
1345 3065 1604 3118 vertebrae,
1651 3080 1677 3107 a
1711 3070 1855 3120 liqml

1094 3133 1144 3187 D
1186 3150 1212 3200 3
1746 3151 1845 3178 rues
