<?xml version="1.0" encoding="UTF-8"?>
<!DOCTYPE html PUBLIC "-//W3C//DTD XHTML 1.0 Transitional//EN"
    "http://www.w3.org/TR/xhtml1/DTD/xhtml1-transitional.dtd">
<html xmlns="http://www.w3.org/1999/xhtml" xml:lang="en" lang="en">
 <head>
  <title>
</title>
<meta http-equiv="Content-Type" content="text/html;charset=utf-8" />
  <meta name='ocr-system' content='tesseract 3.04.00' />
  <meta name='ocr-capabilities' content='ocr_page ocr_carea ocr_par ocr_line ocrx_word'/>
</head>
<body>
  <div class='ocr_page' id='page_1' title='image "./dissertatiodesce00hoev_0025.png"; bbox 0 0 2266 3923; ppageno 0'>
   <div class='ocr_carea' id='block_1_1' title="bbox 596 247 1866 343">
    <p class='ocr_par' dir='ltr' id='par_1_1' title="bbox 596 247 1866 343">
     <span class='ocr_line' id='line_1_1' title="bbox 596 247 1866 343; baseline 0.001 -28"><span class='ocrx_word' id='word_1_1' title='bbox 596 247 1535 318; x_wconf 55' lang='lat' dir='ltr'>PROLEGOMENffl</span> <span class='ocrx_word' id='word_1_2' title='bbox 1798 281 1866 343; x_wconf 57' lang='grc' dir='ltr'>ῃ</span> 
     </span>
    </p>
   </div>
   <div class='ocr_carea' id='block_1_2' title="bbox 222 409 1872 3046">
    <p class='ocr_par' dir='ltr' id='par_1_2' title="bbox 222 409 1872 3046">
     <span class='ocr_line' id='line_1_2' title="bbox 282 409 1860 488; baseline 0.001 -16"><span class='ocrx_word' id='word_1_3' title='bbox 282 431 445 486; x_wconf 83' lang='lat' dir='ltr'>scopo</span> <span class='ocrx_word' id='word_1_4' title='bbox 479 412 603 470; x_wconf 85' lang='lat' dir='ltr'>satis</span> <span class='ocrx_word' id='word_1_5' title='bbox 629 411 813 468; x_wconf 85' lang='lat' dir='ltr'>faceret</span> <span class='ocrx_word' id='word_1_6' title='bbox 837 425 900 466; x_wconf 83' lang='lat' dir='ltr'>ex</span> <span class='ocrx_word' id='word_1_7' title='bbox 933 426 1040 466; x_wconf 88' lang='lat' dir='ltr'>uno</span> <span class='ocrx_word' id='word_1_8' title='bbox 1073 409 1330 466; x_wconf 68' lang='lat' dir='ltr'>osse&#39;non</span> <span class='ocrx_word' id='word_1_9' title='bbox 1350 423 1549 479; x_wconf 88' lang='lat' dir='ltr'>poterat</span> <span class='ocrx_word' id='word_1_10' title='bbox 1584 418 1860 488; x_wconf 84' lang='lat' dir='ltr'>componi,</span> 
     </span>
     <span class='ocr_line' id='line_1_3' title="bbox 281 499 1862 569; baseline -0.007 -7"><span class='ocrx_word' id='word_1_11' title='bbox 281 507 373 562; x_wconf 86' lang='lat' dir='ltr'>sed</span> <span class='ocrx_word' id='word_1_12' title='bbox 411 521 471 558; x_wconf 84' lang='lat' dir='ltr'>ex</span> <span class='ocrx_word' id='word_1_13' title='bbox 511 503 709 557; x_wconf 90' lang='lat' dir='ltr'>annulis</span> <span class='ocrx_word' id='word_1_14' title='bbox 751 501 963 555; x_wconf 83' lang='lat' dir='ltr'>debebat</span> <span class='ocrx_word' id='word_1_15' title='bbox 1020 499 1224 555; x_wconf 85' lang='lat' dir='ltr'>formari</span> <span class='ocrx_word' id='word_1_16' title='bbox 1275 502 1480 568; x_wconf 88' lang='lat' dir='ltr'>multis,</span> <span class='ocrx_word' id='word_1_17' title='bbox 1534 502 1624 569; x_wconf 91' lang='lat' dir='ltr'>qui</span> <span class='ocrx_word' id='word_1_18' title='bbox 1673 515 1724 556; x_wconf 93' lang='lat' dir='ltr'>et</span> <span class='ocrx_word' id='word_1_19' title='bbox 1778 520 1862 559; x_wconf 75' lang='lat' dir='ltr'>ea.</span> 
     </span>
     <span class='ocr_line' id='line_1_4' title="bbox 278 589 1864 658; baseline -0.002 -8"><span class='ocrx_word' id='word_1_20' title='bbox 278 592 512 650; x_wconf 87' lang='lat' dir='ltr'>vitatibus</span> <span class='ocrx_word' id='word_1_21' title='bbox 550 591 658 645; x_wconf 90' lang='lat' dir='ltr'>suis</span> <span class='ocrx_word' id='word_1_22' title='bbox 706 605 865 645; x_wconf 90' lang='lat' dir='ltr'>unum</span> <span class='ocrx_word' id='word_1_23' title='bbox 904 590 1122 646; x_wconf 82' lang='lat' dir='ltr'>canalem</span> <span class='ocrx_word' id='word_1_24' title='bbox 1155 590 1452 645; x_wconf 89' lang='lat' dir='ltr'>continuum</span> <span class='ocrx_word' id='word_1_25' title='bbox 1496 589 1746 645; x_wconf 87' lang='lat' dir='ltr'>efficerent</span> <span class='ocrx_word' id='word_1_26' title='bbox 1762 630 1783 658; x_wconf 88' lang='lat'>,</span> <span class='ocrx_word' id='word_1_27' title='bbox 1813 605 1864 647; x_wconf 88' lang='lat' dir='ltr'>et</span> 
     </span>
     <span class='ocr_line' id='line_1_5' title="bbox 278 677 1864 747; baseline -0.001 -11"><span class='ocrx_word' id='word_1_28' title='bbox 278 678 579 747; x_wconf 87' lang='lat' dir='ltr'>corporibus</span> <span class='ocrx_word' id='word_1_29' title='bbox 629 679 737 734; x_wconf 84' lang='lat' dir='ltr'>suis</span> <span class='ocrx_word' id='word_1_30' title='bbox 763 677 1037 731; x_wconf 83' lang='lat' dir='ltr'>mobilibus</span> <span class='ocrx_word' id='word_1_31' title='bbox 1077 694 1247 731; x_wconf 89' lang='lat' dir='ltr'>secum</span> <span class='ocrx_word' id='word_1_32' title='bbox 1287 678 1498 732; x_wconf 81' lang='lat' dir='ltr'>invicem</span> <span class='ocrx_word' id='word_1_33' title='bbox 1536 678 1726 747; x_wconf 88' lang='lat' dir='ltr'>junctis</span> <span class='ocrx_word' id='word_1_34' title='bbox 1751 695 1864 735; x_wconf 84' lang='lat' dir='ltr'>mo·</span> 
     </span>
     <span class='ocr_line' id='line_1_6' title="bbox 280 765 1866 832; baseline 0 -9"><span class='ocrx_word' id='word_1_35' title='bbox 280 769 430 826; x_wconf 89' lang='lat' dir='ltr'>bilem</span> <span class='ocrx_word' id='word_1_36' title='bbox 486 768 632 821; x_wconf 90' lang='lat' dir='ltr'>etiam</span> <span class='ocrx_word' id='word_1_37' title='bbox 696 765 1062 820; x_wconf 84' lang='lat' dir='ltr'>constituerent</span> <span class='ocrx_word' id='word_1_38' title='bbox 1122 765 1427 832; x_wconf 83' lang='lat' dir='ltr'>columnam.</span> <span class='ocrx_word' id='word_1_39' title='bbox 1514 766 1626 820; x_wconf 88' lang='lat' dir='ltr'>Hae</span> <span class='ocrx_word' id='word_1_40' title='bbox 1673 768 1866 823; x_wconf 80' lang='lat' dir='ltr'>ratione</span> 
     </span>
     <span class='ocr_line' id='line_1_7' title="bbox 280 853 1870 921; baseline 0.001 -10"><span class='ocrx_word' id='word_1_41' title='bbox 280 856 536 912; x_wconf 89' lang='lat' dir='ltr'>vertebrae</span> <span class='ocrx_word' id='word_1_42' title='bbox 576 856 849 921; x_wconf 89' lang='lat' dir='ltr'>oriuntur,</span> <span class='ocrx_word' id='word_1_43' title='bbox 887 870 1016 921; x_wconf 88' lang='lat' dir='ltr'>quae</span> <span class='ocrx_word' id='word_1_44' title='bbox 1057 869 1328 920; x_wconf 87' lang='lat' dir='ltr'>processus</span> <span class='ocrx_word' id='word_1_45' title='bbox 1373 853 1558 916; x_wconf 88' lang='lat' dir='ltr'>habent</span> <span class='ocrx_word' id='word_1_46' title='bbox 1575 894 1595 921; x_wconf 86' lang='lat'>‚</span> <span class='ocrx_word' id='word_1_47' title='bbox 1633 858 1758 912; x_wconf 87' lang='lat' dir='ltr'>alios</span> <span class='ocrx_word' id='word_1_48' title='bbox 1786 875 1870 913; x_wconf 87' lang='lat' dir='ltr'>ar-</span> 
     </span>
     <span class='ocr_line' id='line_1_8' title="bbox 281 944 1863 1009; baseline 0.002 -10"><span class='ocrx_word' id='word_1_49' title='bbox 281 945 556 999; x_wconf 86' lang='lat' dir='ltr'>ticulationi</span> <span class='ocrx_word' id='word_1_50' title='bbox 611 944 966 1009; x_wconf 76' lang='lat' dir='ltr'>inservientes,</span> <span class='ocrx_word' id='word_1_51' title='bbox 1015 944 1360 997; x_wconf 87' lang='lat' dir='ltr'>musculorum</span> <span class='ocrx_word' id='word_1_52' title='bbox 1407 944 1670 998; x_wconf 91' lang='lat' dir='ltr'>insertioni</span> <span class='ocrx_word' id='word_1_53' title='bbox 1714 947 1863 1002; x_wconf 77' lang='lat' dir='ltr'>ali08.</span> 
     </span>
     <span class='ocr_line' id='line_1_9' title="bbox 352 1034 1867 1101; baseline 0.004 -15"><span class='ocrx_word' id='word_1_54' title='bbox 352 1034 479 1087; x_wconf 89' lang='lat' dir='ltr'>Non</span> <span class='ocrx_word' id='word_1_55' title='bbox 517 1049 722 1093; x_wconf 87' lang='lat' dir='ltr'>necesse</span> <span class='ocrx_word' id='word_1_56' title='bbox 771 1034 864 1089; x_wconf 89' lang='lat' dir='ltr'>erit</span> <span class='ocrx_word' id='word_1_57' title='bbox 904 1046 964 1088; x_wconf 89' lang='lat' dir='ltr'>ut</span> <span class='ocrx_word' id='word_1_58' title='bbox 1010 1034 1347 1088; x_wconf 85' lang='lat' dir='ltr'>demonstrem</span> <span class='ocrx_word' id='word_1_59' title='bbox 1374 1074 1394 1101; x_wconf 87' lang='lat'>,</span> <span class='ocrx_word' id='word_1_60' title='bbox 1420 1035 1673 1091; x_wconf 84' lang='lat' dir='ltr'>vertebras</span> <span class='ocrx_word' id='word_1_61' title='bbox 1704 1038 1867 1094; x_wconf 89' lang='lat' dir='ltr'>totius</span> 
     </span>
     <span class='ocr_line' id='line_1_10' title="bbox 278 1123 1868 1194; baseline 0 -14"><span class='ocrx_word' id='word_1_62' title='bbox 278 1123 542 1180; x_wconf 81' lang='lat' dir='ltr'>columnae</span> <span class='ocrx_word' id='word_1_63' title='bbox 582 1124 845 1189; x_wconf 91' lang='lat' dir='ltr'>quamdam</span> <span class='ocrx_word' id='word_1_64' title='bbox 876 1138 993 1189; x_wconf 92' lang='lat' dir='ltr'>prae</span> <span class='ocrx_word' id='word_1_65' title='bbox 1025 1139 1081 1175; x_wconf 91' lang='lat' dir='ltr'>se</span> <span class='ocrx_word' id='word_1_66' title='bbox 1117 1123 1249 1176; x_wconf 87' lang='lat' dir='ltr'>ferre</span> <span class='ocrx_word' id='word_1_67' title='bbox 1275 1124 1644 1187; x_wconf 86' lang='lat' dir='ltr'>similitudinem</span> <span class='ocrx_word' id='word_1_68' title='bbox 1661 1166 1680 1194; x_wconf 89' lang='lat'>,</span> <span class='ocrx_word' id='word_1_69' title='bbox 1710 1143 1740 1180; x_wconf 89' lang='lat' dir='ltr'>a</span> <span class='ocrx_word' id='word_1_70' title='bbox 1763 1127 1868 1194; x_wconf 88' lang='lat' dir='ltr'>pri-</span> 
     </span>
     <span class='ocr_line' id='line_1_11' title="bbox 283 1212 1864 1284; baseline 0.004 -19"><span class='ocrx_word' id='word_1_71' title='bbox 283 1229 363 1266; x_wconf 86' lang='lat' dir='ltr'>ma</span> <span class='ocrx_word' id='word_1_72' title='bbox 400 1213 517 1266; x_wconf 88' lang='lat' dir='ltr'>colli</span> <span class='ocrx_word' id='word_1_73' title='bbox 557 1212 785 1266; x_wconf 90' lang='lat' dir='ltr'>vertebra</span> <span class='ocrx_word' id='word_1_74' title='bbox 849 1212 965 1264; x_wconf 89' lang='lat' dir='ltr'>inde</span> <span class='ocrx_word' id='word_1_75' title='bbox 1016 1212 1078 1265; x_wconf 92' lang='lat' dir='ltr'>ad</span> <span class='ocrx_word' id='word_1_76' title='bbox 1128 1212 1347 1265; x_wconf 81' lang='lat' dir='ltr'>infimam</span> <span class='ocrx_word' id='word_1_77' title='bbox 1409 1215 1591 1268; x_wconf 89' lang='lat' dir='ltr'>candae</span> <span class='ocrx_word' id='word_1_78' title='bbox 1659 1233 1864 1284; x_wconf 82' lang='lat' dir='ltr'>usque,</span> 
     </span>
     <span class='ocr_line' id='line_1_12' title="bbox 277 1300 1868 1371; baseline 0.003 -17"><span class='ocrx_word' id='word_1_79' title='bbox 277 1315 341 1354; x_wconf 87' lang='lat' dir='ltr'>ne</span> <span class='ocrx_word' id='word_1_80' title='bbox 382 1300 551 1354; x_wconf 90' lang='lat' dir='ltr'>videar</span> <span class='ocrx_word' id='word_1_81' title='bbox 598 1301 652 1354; x_wconf 91' lang='lat' dir='ltr'>in</span> <span class='ocrx_word' id='word_1_82' title='bbox 695 1318 750 1355; x_wconf 88' lang='lat' dir='ltr'>re</span> <span class='ocrx_word' id='word_1_83' title='bbox 788 1301 922 1355; x_wconf 92' lang='lat' dir='ltr'>haud</span> <span class='ocrx_word' id='word_1_84' title='bbox 972 1301 1122 1356; x_wconf 90' lang='lat' dir='ltr'>dubia</span> <span class='ocrx_word' id='word_1_85' title='bbox 1161 1303 1465 1371; x_wconf 82' lang='lat' dir='ltr'>argumentis</span> <span class='ocrx_word' id='word_1_86' title='bbox 1519 1304 1593 1359; x_wconf 92' lang='lat' dir='ltr'>uti</span> <span class='ocrx_word' id='word_1_87' title='bbox 1643 1320 1749 1358; x_wconf 92' lang='lat' dir='ltr'>non</span> <span class='ocrx_word' id='word_1_88' title='bbox 1779 1321 1868 1359; x_wconf 86' lang='lat' dir='ltr'>ne-</span> 
     </span>
     <span class='ocr_line' id='line_1_13' title="bbox 281 1389 1866 1462; baseline 0.003 -20"><span class='ocrx_word' id='word_1_89' title='bbox 281 1391 530 1443; x_wconf 45' lang='lat' dir='ltr'>massariis·</span> <span class='ocrx_word' id='word_1_90' title='bbox 604 1391 714 1456; x_wconf 90' lang='lat' dir='ltr'>Ea,</span> <span class='ocrx_word' id='word_1_91' title='bbox 748 1390 801 1442; x_wconf 91' lang='lat' dir='ltr'>in</span> <span class='ocrx_word' id='word_1_92' title='bbox 855 1389 1041 1456; x_wconf 90' lang='lat' dir='ltr'>quibus</span> <span class='ocrx_word' id='word_1_93' title='bbox 1092 1390 1348 1444; x_wconf 83' lang='lat' dir='ltr'>vertebrae</span> <span class='ocrx_word' id='word_1_94' title='bbox 1398 1391 1645 1448; x_wconf 89' lang='lat' dir='ltr'>variarum</span> <span class='ocrx_word' id='word_1_95' title='bbox 1702 1393 1866 1462; x_wconf 82' lang='lat' dir='ltr'>regio·</span> 
     </span>
     <span class='ocr_line' id='line_1_14' title="bbox 276 1478 1866 1544; baseline 0.003 -14"><span class='ocrx_word' id='word_1_96' title='bbox 276 1493 398 1532; x_wconf 90' lang='lat' dir='ltr'>num</span> <span class='ocrx_word' id='word_1_97' title='bbox 432 1478 700 1544; x_wconf 86' lang='lat' dir='ltr'>differunt,</span> <span class='ocrx_word' id='word_1_98' title='bbox 755 1479 976 1544; x_wconf 90' lang='lat' dir='ltr'>pendent</span> <span class='ocrx_word' id='word_1_99' title='bbox 1036 1494 1065 1531; x_wconf 91' lang='lat' dir='ltr'>a</span> <span class='ocrx_word' id='word_1_100' title='bbox 1113 1490 1259 1532; x_wconf 90' lang='lat' dir='ltr'>motu</span> <span class='ocrx_word' id='word_1_101' title='bbox 1321 1479 1520 1532; x_wconf 89' lang='lat' dir='ltr'>diverso</span> <span class='ocrx_word' id='word_1_102' title='bbox 1575 1481 1731 1534; x_wconf 89' lang='lat' dir='ltr'>totius</span> <span class='ocrx_word' id='word_1_103' title='bbox 1776 1498 1866 1535; x_wconf 69' lang='lat' dir='ltr'>co—</span> 
     </span>
     <span class='ocr_line' id='line_1_15' title="bbox 280 1567 1869 1638; baseline 0.004 -20"><span class='ocrx_word' id='word_1_104' title='bbox 280 1567 476 1627; x_wconf 90' lang='lat' dir='ltr'>lumnae</span> <span class='ocrx_word' id='word_1_105' title='bbox 516 1579 565 1618; x_wconf 92' lang='lat' dir='ltr'>et</span> <span class='ocrx_word' id='word_1_106' title='bbox 623 1570 931 1634; x_wconf 84' lang='lat' dir='ltr'>singularum</span> <span class='ocrx_word' id='word_1_107' title='bbox 984 1571 1092 1635; x_wconf 86' lang='lat' dir='ltr'>eJ‘us</span> <span class='ocrx_word' id='word_1_108' title='bbox 1147 1569 1383 1633; x_wconf 86' lang='lat' dir='ltr'>partium.</span> <span class='ocrx_word' id='word_1_109' title='bbox 1468 1569 1551 1621; x_wconf 92' lang='lat' dir='ltr'>Sic</span> <span class='ocrx_word' id='word_1_110' title='bbox 1613 1585 1660 1622; x_wconf 89' lang='lat' dir='ltr'>e.</span> <span class='ocrx_word' id='word_1_111' title='bbox 1709 1587 1762 1638; x_wconf 84' lang='lat' dir='ltr'>g.</span> <span class='ocrx_word' id='word_1_112' title='bbox 1813 1572 1869 1624; x_wconf 88' lang='lat' dir='ltr'>in</span> 
     </span>
     <span class='ocr_line' id='line_1_16' title="bbox 280 1652 1868 1720; baseline 0.003 -16"><span class='ocrx_word' id='word_1_113' title='bbox 280 1653 483 1706; x_wconf 90' lang='lat' dir='ltr'>homine</span> <span class='ocrx_word' id='word_1_114' title='bbox 521 1654 779 1707; x_wconf 90' lang='lat' dir='ltr'>vertebrae</span> <span class='ocrx_word' id='word_1_115' title='bbox 823 1654 954 1708; x_wconf 90' lang='lat' dir='ltr'>ossis</span> <span class='ocrx_word' id='word_1_116' title='bbox 1004 1652 1164 1720; x_wconf 88' lang='lat' dir='ltr'>sacri,</span> <span class='ocrx_word' id='word_1_117' title='bbox 1214 1671 1330 1707; x_wconf 90' lang='lat' dir='ltr'>cum</span> <span class='ocrx_word' id='word_1_118' title='bbox 1379 1655 1574 1709; x_wconf 88' lang='lat' dir='ltr'>moveri</span> <span class='ocrx_word' id='word_1_119' title='bbox 1628 1672 1734 1711; x_wconf 93' lang='lat' dir='ltr'>non</span> <span class='ocrx_word' id='word_1_120' title='bbox 1781 1660 1868 1713; x_wconf 60' lang='lat' dir='ltr'>de,</span> 
     </span>
     <span class='ocr_line' id='line_1_17' title="bbox 275 1741 1868 1814; baseline 0.004 -20"><span class='ocrx_word' id='word_1_121' title='bbox 275 1741 495 1808; x_wconf 89' lang='lat' dir='ltr'>bebant,</span> <span class='ocrx_word' id='word_1_122' title='bbox 544 1742 596 1795; x_wconf 91' lang='lat' dir='ltr'>in</span> <span class='ocrx_word' id='word_1_123' title='bbox 646 1745 851 1796; x_wconf 86' lang='lat' dir='ltr'>unicum</span> <span class='ocrx_word' id='word_1_124' title='bbox 904 1743 1154 1808; x_wconf 87' lang='lat' dir='ltr'>quoddam</span> <span class='ocrx_word' id='word_1_125' title='bbox 1190 1744 1442 1797; x_wconf 92' lang='lat' dir='ltr'>conssuere</span> <span class='ocrx_word' id='word_1_126' title='bbox 1484 1761 1670 1811; x_wconf 82' lang='lat' dir='ltr'>corpus</span> <span class='ocrx_word' id='word_1_127' title='bbox 1712 1759 1868 1814; x_wconf 86' lang='lat' dir='ltr'>atque</span> 
     </span>
     <span class='ocr_line' id='line_1_18' title="bbox 273 1831 1862 1904; baseline 0.003 -20"><span class='ocrx_word' id='word_1_128' title='bbox 273 1833 527 1886; x_wconf 70' lang='lat' dir='ltr'>coaluere.</span> <span class='ocrx_word' id='word_1_129' title='bbox 612 1833 742 1886; x_wconf 90' lang='lat' dir='ltr'>Sunt</span> <span class='ocrx_word' id='word_1_130' title='bbox 804 1831 948 1885; x_wconf 85' lang='lat' dir='ltr'>etiam</span> <span class='ocrx_word' id='word_1_131' title='bbox 1009 1831 1271 1898; x_wconf 87' lang='lat' dir='ltr'>animalia,</span> <span class='ocrx_word' id='word_1_132' title='bbox 1313 1845 1655 1904; x_wconf 79' lang='lat' dir='ltr'>petromyzon</span> <span class='ocrx_word' id='word_1_133' title='bbox 1706 1853 1752 1888; x_wconf 92' lang='lat' dir='ltr'>e.</span> <span class='ocrx_word' id='word_1_134' title='bbox 1793 1853 1862 1904; x_wconf 83' lang='lat' dir='ltr'>g,</span> 
     </span>
     <span class='ocr_line' id='line_1_19' title="bbox 278 1920 1867 1991; baseline 0 -17"><span class='ocrx_word' id='word_1_135' title='bbox 278 1937 495 1988; x_wconf 90' lang='lat' dir='ltr'>quorum</span> <span class='ocrx_word' id='word_1_136' title='bbox 541 1921 776 1974; x_wconf 87' lang='lat' dir='ltr'>columna</span> <span class='ocrx_word' id='word_1_137' title='bbox 826 1938 887 1973; x_wconf 81' lang='lat' dir='ltr'>cx</span> <span class='ocrx_word' id='word_1_138' title='bbox 923 1920 1075 1974; x_wconf 86' lang='lat' dir='ltr'>unico</span> <span class='ocrx_word' id='word_1_139' title='bbox 1123 1923 1319 1987; x_wconf 89' lang='lat' dir='ltr'>canali,</span> <span class='ocrx_word' id='word_1_140' title='bbox 1357 1940 1581 1991; x_wconf 70' lang='lat' dir='ltr'>vaginam</span> <span class='ocrx_word' id='word_1_141' title='bbox 1627 1941 1721 1991; x_wconf 90' lang='lat' dir='ltr'>pro</span> <span class='ocrx_word' id='word_1_142' title='bbox 1762 1942 1867 1978; x_wconf 68' lang='lat' dir='ltr'>me-</span> 
     </span>
     <span class='ocr_line' id='line_1_20' title="bbox 272 2008 1864 2077; baseline 0.004 -15"><span class='ocrx_word' id='word_1_143' title='bbox 272 2011 408 2065; x_wconf 87' lang='lat' dir='ltr'>dulla</span> <span class='ocrx_word' id='word_1_144' title='bbox 448 2008 628 2076; x_wconf 90' lang='lat' dir='ltr'>spinali</span> <span class='ocrx_word' id='word_1_145' title='bbox 671 2008 959 2075; x_wconf 85' lang='lat' dir='ltr'>formante,</span> <span class='ocrx_word' id='word_1_146' title='bbox 1000 2011 1359 2077; x_wconf 78' lang='lat' dir='ltr'>componitur,</span> <span class='ocrx_word' id='word_1_147' title='bbox 1410 2013 1660 2068; x_wconf 87' lang='lat' dir='ltr'>vertebras</span> <span class='ocrx_word' id='word_1_148' title='bbox 1702 2015 1864 2068; x_wconf 83' lang='lat' dir='ltr'>nullas</span> 
     </span>
     <span class='ocr_line' id='line_1_21' title="bbox 279 2096 1866 2165; baseline 0.006 -15"><span class='ocrx_word' id='word_1_149' title='bbox 279 2097 528 2164; x_wconf 80' lang='lat' dir='ltr'>habente3</span> <span class='ocrx_word' id='word_1_150' title='bbox 567 2097 656 2149; x_wconf 89' lang='lat' dir='ltr'>sed</span> <span class='ocrx_word' id='word_1_151' title='bbox 696 2098 748 2149; x_wconf 93' lang='lat' dir='ltr'>in</span> <span class='ocrx_word' id='word_1_152' title='bbox 783 2096 861 2150; x_wconf 89' lang='lat' dir='ltr'>his</span> <span class='ocrx_word' id='word_1_153' title='bbox 909 2110 1162 2165; x_wconf 87' lang='lat' dir='ltr'>tamquam</span> <span class='ocrx_word' id='word_1_154' title='bbox 1208 2102 1546 2157; x_wconf 86' lang='lat' dir='ltr'>vertebrarum</span> <span class='ocrx_word' id='word_1_155' title='bbox 1585 2102 1866 2160; x_wconf 80' lang='lat' dir='ltr'>rudimenta</span> 
     </span>
     <span class='ocr_line' id='line_1_22' title="bbox 278 2185 1859 2261; baseline 0.005 -23"><span class='ocrx_word' id='word_1_156' title='bbox 278 2185 450 2239; x_wconf 85' lang='lat' dir='ltr'>annuli</span> <span class='ocrx_word' id='word_1_157' title='bbox 486 2187 701 2253; x_wconf 79' lang='lat' dir='ltr'>adsunt,</span> <span class='ocrx_word' id='word_1_158' title='bbox 750 2199 800 2239; x_wconf 89' lang='lat' dir='ltr'>et</span> <span class='ocrx_word' id='word_1_159' title='bbox 838 2204 988 2253; x_wconf 88' lang='lat' dir='ltr'>cum,</span> <span class='ocrx_word' id='word_1_160' title='bbox 1040 2188 1083 2240; x_wconf 89' lang='lat' dir='ltr'>si</span> <span class='ocrx_word' id='word_1_161' title='bbox 1118 2205 1262 2242; x_wconf 89' lang='lat' dir='ltr'>ossea</span> <span class='ocrx_word' id='word_1_162' title='bbox 1307 2204 1440 2244; x_wconf 89' lang='lat' dir='ltr'>esset</span> <span class='ocrx_word' id='word_1_163' title='bbox 1490 2192 1642 2261; x_wconf 86' lang='lat' dir='ltr'>hujus</span> <span class='ocrx_word' id='word_1_164' title='bbox 1687 2193 1859 2246; x_wconf 86' lang='lat' dir='ltr'>thecae</span> 
     </span>
     <span class='ocr_line' id='line_1_23' title="bbox 222 2273 1866 2349; baseline 0.007 -23"><span class='ocrx_word' id='word_1_165' title='bbox 222 2298 226 2302; x_wconf 30' lang='lat' dir='ltr'>v</span> <span class='ocrx_word' id='word_1_166' title='bbox 280 2273 465 2327; x_wconf 89' lang='lat' dir='ltr'>fabrica</span> <span class='ocrx_word' id='word_1_167' title='bbox 487 2315 507 2340; x_wconf 92' lang='lat'>,</span> <span class='ocrx_word' id='word_1_168' title='bbox 563 2275 677 2328; x_wconf 92' lang='lat' dir='ltr'>inde</span> <span class='ocrx_word' id='word_1_169' title='bbox 742 2276 955 2329; x_wconf 89' lang='lat' dir='ltr'>oriretur</span> <span class='ocrx_word' id='word_1_170' title='bbox 994 2279 1100 2345; x_wconf 83' lang='lat' dir='ltr'>ejus</span> <span class='ocrx_word' id='word_1_171' title='bbox 1156 2278 1514 2346; x_wconf 85' lang='lat' dir='ltr'>immobilitas,</span> <span class='ocrx_word' id='word_1_172' title='bbox 1552 2280 1866 2349; x_wconf 70' lang='lat' dir='ltr'>cartilaginea</span> 
     </span>
     <span class='ocr_line' id='line_1_24' title="bbox 275 2368 1872 2439; baseline 0.001 -19"><span class='ocrx_word' id='word_1_173' title='bbox 275 2368 402 2426; x_wconf 80' lang='lat' dir='ltr'>hanc</span> <span class='ocrx_word' id='word_1_174' title='bbox 449 2369 517 2423; x_wconf 89' lang='lat' dir='ltr'>ob</span> <span class='ocrx_word' id='word_1_175' title='bbox 560 2386 760 2423; x_wconf 87' lang='lat' dir='ltr'>causam</span> <span class='ocrx_word' id='word_1_176' title='bbox 806 2382 917 2434; x_wconf 82' lang='lat' dir='ltr'>cst,</span> <span class='ocrx_word' id='word_1_177' title='bbox 957 2371 1189 2439; x_wconf 85' lang='lat' dir='ltr'>clastica,</span> <span class='ocrx_word' id='word_1_178' title='bbox 1228 2383 1278 2423; x_wconf 90' lang='lat' dir='ltr'>et</span> <span class='ocrx_word' id='word_1_179' title='bbox 1305 2370 1501 2424; x_wconf 85' lang='lat' dir='ltr'>flexilis.</span> <span class='ocrx_word' id='word_1_180' title='bbox 1551 2369 1737 2423; x_wconf 85' lang='lat' dir='ltr'>Similia</span> <span class='ocrx_word' id='word_1_181' title='bbox 1775 2369 1872 2437; x_wconf 79' lang='lat' dir='ltr'>igi-</span> 
     </span>
     <span class='ocr_line' id='line_1_25' title="bbox 277 2458 1866 2526; baseline 0.001 -16"><span class='ocrx_word' id='word_1_182' title='bbox 277 2469 362 2511; x_wconf 88' lang='lat' dir='ltr'>tur</span> <span class='ocrx_word' id='word_1_183' title='bbox 401 2458 624 2512; x_wconf 88' lang='lat' dir='ltr'>animalia</span> <span class='ocrx_word' id='word_1_184' title='bbox 667 2460 995 2515; x_wconf 85' lang='lat' dir='ltr'>invertebrata</span> <span class='ocrx_word' id='word_1_185' title='bbox 1034 2475 1201 2516; x_wconf 90' lang='lat' dir='ltr'>essent</span> <span class='ocrx_word' id='word_1_186' title='bbox 1246 2462 1486 2526; x_wconf 87' lang='lat' dir='ltr'>dicenda,</span> <span class='ocrx_word' id='word_1_187' title='bbox 1513 2459 1621 2514; x_wconf 64' lang='lat' dir='ltr'>,nisi</span> <span class='ocrx_word' id='word_1_188' title='bbox 1660 2459 1757 2512; x_wconf 92' lang='lat' dir='ltr'>hoc</span> <span class='ocrx_word' id='word_1_189' title='bbox 1786 2474 1866 2512; x_wconf 92' lang='lat' dir='ltr'>es-</span> 
     </span>
     <span class='ocr_line' id='line_1_26' title="bbox 275 2547 1865 2616; baseline 0.001 -16"><span class='ocrx_word' id='word_1_190' title='bbox 275 2557 354 2600; x_wconf 84' lang='lat' dir='ltr'>set</span> <span class='ocrx_word' id='word_1_191' title='bbox 408 2549 670 2615; x_wconf 84' lang='lat' dir='ltr'>proprium</span> <span class='ocrx_word' id='word_1_192' title='bbox 730 2561 836 2603; x_wconf 90' lang='lat' dir='ltr'>tum</span> <span class='ocrx_word' id='word_1_193' title='bbox 889 2551 1123 2605; x_wconf 89' lang='lat' dir='ltr'>omnibus</span> <span class='ocrx_word' id='word_1_194' title='bbox 1182 2549 1511 2616; x_wconf 83' lang='lat' dir='ltr'>vertebratiS,</span> <span class='ocrx_word' id='word_1_195' title='bbox 1563 2561 1670 2603; x_wconf 89' lang='lat' dir='ltr'>tum</span> <span class='ocrx_word' id='word_1_196' title='bbox 1716 2547 1865 2601; x_wconf 91' lang='lat' dir='ltr'>etiam</span> 
     </span>
     <span class='ocr_line' id='line_1_27' title="bbox 278 2634 1864 2706; baseline 0.003 -21"><span class='ocrx_word' id='word_1_197' title='bbox 278 2634 417 2688; x_wconf 89' lang='lat' dir='ltr'>hisce</span> <span class='ocrx_word' id='word_1_198' title='bbox 471 2637 763 2692; x_wconf 86' lang='lat' dir='ltr'>animalibus</span> <span class='ocrx_word' id='word_1_199' title='bbox 784 2678 803 2705; x_wconf 87' lang='lat'>,</span> <span class='ocrx_word' id='word_1_200' title='bbox 857 2641 996 2704; x_wconf 92' lang='lat' dir='ltr'>quod</span> <span class='ocrx_word' id='word_1_201' title='bbox 1054 2641 1319 2694; x_wconf 87' lang='lat' dir='ltr'>medullam</span> <span class='ocrx_word' id='word_1_202' title='bbox 1364 2640 1603 2706; x_wconf 87' lang='lat' dir='ltr'>spinalem</span> <span class='ocrx_word' id='word_1_203' title='bbox 1651 2638 1864 2691; x_wconf 88' lang='lat' dir='ltr'>habeant</span> 
     </span>
     <span class='ocr_line' id='line_1_28' title="bbox 278 2723 1865 2797; baseline 0.002 -21"><span class='ocrx_word' id='word_1_204' title='bbox 278 2723 455 2791; x_wconf 83' lang='lat' dir='ltr'>vagina</span> <span class='ocrx_word' id='word_1_205' title='bbox 496 2725 772 2786; x_wconf 86' lang='lat' dir='ltr'>inclusam,</span> <span class='ocrx_word' id='word_1_206' title='bbox 832 2746 960 2795; x_wconf 88' lang='lat' dir='ltr'>quae</span> <span class='ocrx_word' id='word_1_207' title='bbox 1020 2730 1275 2797; x_wconf 88' lang='lat' dir='ltr'>systemati</span> <span class='ocrx_word' id='word_1_208' title='bbox 1325 2742 1633 2796; x_wconf 84' lang='lat' dir='ltr'>organorum</span> <span class='ocrx_word' id='word_1_209' title='bbox 1690 2737 1865 2780; x_wconf 90' lang='lat' dir='ltr'>motus</span> 
     </span>
     <span class='ocr_line' id='line_1_29' title="bbox 277 2811 1864 2884; baseline 0.002 -21"><span class='ocrx_word' id='word_1_210' title='bbox 277 2827 374 2878; x_wconf 89' lang='lat' dir='ltr'>pro</span> <span class='ocrx_word' id='word_1_211' title='bbox 411 2811 490 2864; x_wconf 84' lang='lat' dir='ltr'>axi</span> <span class='ocrx_word' id='word_1_212' title='bbox 533 2826 645 2880; x_wconf 88' lang='lat' dir='ltr'>est,</span> <span class='ocrx_word' id='word_1_213' title='bbox 684 2832 740 2868; x_wconf 90' lang='lat' dir='ltr'>ac</span> <span class='ocrx_word' id='word_1_214' title='bbox 783 2819 935 2870; x_wconf 90' lang='lat' dir='ltr'>veluti</span> <span class='ocrx_word' id='word_1_215' title='bbox 972 2830 1144 2869; x_wconf 92' lang='lat' dir='ltr'>centro</span> <span class='ocrx_word' id='word_1_216' title='bbox 1196 2817 1327 2884; x_wconf 85' lang='lat' dir='ltr'>(l).</span> <span class='ocrx_word' id='word_1_217' title='bbox 1413 2817 1634 2869; x_wconf 91' lang='lat' dir='ltr'>Unicum</span> <span class='ocrx_word' id='word_1_218' title='bbox 1688 2814 1864 2868; x_wconf 87' lang='lat' dir='ltr'>discri-</span> 
     </span>
     <span class='ocr_line' id='line_1_30' title="bbox 274 2901 1856 3003; baseline 0.003 -51"><span class='ocrx_word' id='word_1_219' title='bbox 274 2914 390 2953; x_wconf 89' lang='lat' dir='ltr'>men</span> <span class='ocrx_word' id='word_1_220' title='bbox 442 2901 496 2954; x_wconf 92' lang='lat' dir='ltr'>in</span> <span class='ocrx_word' id='word_1_221' title='bbox 532 2920 593 2955; x_wconf 91' lang='lat' dir='ltr'>eo</span> <span class='ocrx_word' id='word_1_222' title='bbox 639 2917 750 2973; x_wconf 84' lang='lat' dir='ltr'>est,</span> <span class='ocrx_word' id='word_1_223' title='bbox 790 2909 963 2975; x_wconf 87' lang='lat' dir='ltr'>quod,</span> <span class='ocrx_word' id='word_1_224' title='bbox 1007 2924 1123 2961; x_wconf 90' lang='lat' dir='ltr'>cum</span> <span class='ocrx_word' id='word_1_225' title='bbox 1183 2905 1549 3003; x_wconf 87' lang='lat' dir='ltr'>imperfectiora</span> <span class='ocrx_word' id='word_1_226' title='bbox 1591 2905 1692 2959; x_wconf 88' lang='lat' dir='ltr'>sint</span> <span class='ocrx_word' id='word_1_227' title='bbox 1735 2904 1856 2958; x_wconf 89' lang='lat' dir='ltr'>haec</span> 
     </span>
     <span class='ocr_line' id='line_1_31' title="bbox 1760 2991 1864 3046; baseline -0.019 0"><span class='ocrx_word' id='word_1_228' title='bbox 1760 2991 1864 3046; x_wconf 86' lang='lat' dir='ltr'>ani-</span> 
     </span>
    </p>
   </div>
   <div class='ocr_carea' id='block_1_3' title="bbox 283 3112 1848 3323">
    <p class='ocr_par' dir='ltr' id='par_1_3' title="bbox 283 3112 1848 3323">
     <span class='ocr_line' id='line_1_32' title="bbox 330 3112 1848 3165; baseline 0.001 -11"><span class='ocrx_word' id='word_1_229' title='bbox 330 3112 431 3165; x_wconf 85' lang='lat'>(1)</span> <span class='ocrx_word' id='word_1_230' title='bbox 460 3115 684 3158; x_wconf 86' lang='lat' dir='ltr'>Cuvier</span> <span class='ocrx_word' id='word_1_231' title='bbox 710 3118 940 3160; x_wconf 78' lang='lat' dir='ltr'>Me&#39;moires</span> <span class='ocrx_word' id='word_1_232' title='bbox 976 3118 1033 3160; x_wconf 77' lang='lat' dir='ltr'>du</span> <span class='ocrx_word' id='word_1_233' title='bbox 1071 3119 1193 3160; x_wconf 83' lang='lat' dir='ltr'>Mus.</span> <span class='ocrx_word' id='word_1_234' title='bbox 1223 3117 1400 3163; x_wconf 84' lang='lat' dir='ltr'>d’Hist.</span> <span class='ocrx_word' id='word_1_235' title='bbox 1432 3119 1605 3160; x_wconf 66' lang='grc' dir='ltr'>Νικίαν.</span> <span class='ocrx_word' id='word_1_236' title='bbox 1637 3117 1675 3158; x_wconf 92' lang='lat' dir='ltr'>I.</span> <span class='ocrx_word' id='word_1_237' title='bbox 1711 3117 1848 3158; x_wconf 73' lang='lat' dir='ltr'>Pan&#39;s</span> 
     </span>
     <span class='ocr_line' id='line_1_33' title="bbox 283 3181 734 3240; baseline 0.009 -17"><span class='ocrx_word' id='word_1_238' title='bbox 283 3181 401 3235; x_wconf 85' lang='lat'>1815.</span> <span class='ocrx_word' id='word_1_239' title='bbox 429 3192 517 3236; x_wconf 86' lang='lat' dir='ltr'>4to.</span> <span class='ocrx_word' id='word_1_240' title='bbox 550 3196 601 3240; x_wconf 83' lang='lat' dir='ltr'>p.</span> <span class='ocrx_word' id='word_1_241' title='bbox 640 3197 734 3237; x_wconf 84' lang='lat'>131.</span> 
     </span>
     <span class='ocr_line' id='line_1_34' title="bbox 354 3255 1245 3323; baseline -0.006 -60"><span class='ocrx_word' id='word_1_242' title='bbox 354 3259 355 3263; x_wconf 74' lang='grc'>,</span> <span class='ocrx_word' id='word_1_243' title='bbox 1134 3255 1174 3308; x_wconf 79' lang='lat' dir='ltr'>B</span> <span class='ocrx_word' id='word_1_244' title='bbox 1215 3272 1245 3323; x_wconf 74' lang='lat'>3</span> 
     </span>
    </p>
   </div>
  </div>
 </body>
</html>
