2266 3923
570 241 647 282 DE
719 224 1062 281 SCELETO
1133 225 1449 288 PISCIUM.
1747 241 1815 297 75

219 395 459 453 porum,
507 376 646 444 quod
696 375 897 442 quidem
929 393 988 432 os
1030 378 1290 446 superiora
1315 393 1494 433 versus
1526 393 1642 431 cum
1672 392 1814 447 parte

229 469 501 524 masto‘idea
550 465 782 519 cohaeret
804 505 823 533 ,
872 483 1050 522 versus
1094 467 1329 522 inferiora
1354 483 1477 523 vero
1521 469 1816 534 operculum

227 557 575 612 branchiarum
618 566 885 609 sustentat.

296 643 532 699 Maxillae
585 643 834 697 inferioris
890 643 1107 710 denique
1164 644 1297 700 varia
1336 644 1499 700 forma
1543 653 1619 697 est
1669 655 1822 724 atque

226 732 536 800 magnitudO.
612 730 806 783 Ramus
831 731 1002 784 dexter
1041 749 1068 784 a
1095 732 1300 786 sinistro
1333 731 1642 801 sejungitur,
1681 733 1824 799 quod

222 819 368 874 etiam
420 819 474 871 in
531 816 806 886 embryone
867 818 936 871 ita
989 835 1109 872 esse
1159 819 1505 874 observamus.
1599 822 1655 873 In
1713 821 1822 875 aliis

224 919 439 971 uterque
502 922 670 958 ramus
739 923 800 958 ex
867 906 1018 959 unico
1075 918 1272 961 tantum
1337 924 1453 975 osse
1506 911 1821 976 compositus

231 1012 343 1049 esse
413 994 648 1060 videtur,
722 995 772 1046 in
835 995 944 1050 aliis
1007 1012 1068 1049 ex
1114 997 1346 1063 pluribus
1369 1038 1386 1063 ‚
1454 997 1529 1052 uti
1576 1014 1622 1050 e.
1675 1014 1729 1066 g.
1770 997 1824 1049 in

225 1098 373 1137 esoce
444 1096 662 1150 quatuor
718 1083 893 1136 adesse
939 1084 1113 1138 scribit
1156 1086 1457 1152 SpiinS.
1531 1089 1676 1154 Ea,
1698 1103 1830 1153 quae

225 1172 508 1238 posteriora
565 1163 743 1224 versus
785 1171 1136 1238 reperiuntur,
1191 1184 1240 1225 et
1281 1174 1454 1227 dentes
1498 1190 1603 1227 non
1647 1185 1832 1243 gerunt

216 1258 748 1330 postmandibularia
809 1276 838 1312 a
899 1259 1233 1313 Cuvierio
1300 1273 1477 1314 vocata
1531 1275 1670 1318 sunt.
1769 1265 1830 1317 In

226 1348 391 1401 Esoce
451 1349 755 1403 brasiliensi
809 1360 860 1401 et
921 1349 1023 1403 Es.
1076 1349 1252 1401 belone
1299 1351 1448 1403 ambo
1505 1352 1626 1405 rami
1677 1352 1832 1421 insig-

229 1437 356 1492 niter
407 1438 643 1505 producti
706 1451 862 1506 sunt,
937 1451 987 1492 et
1045 1455 1219 1493 secum
1285 1439 1497 1493 invicem
1559 1442 1833 1496 arctissime

229 1526 521 1581 cohaerent.
593 1528 832 1582 Maxillae
881 1528 961 1581 his
1003 1527 1299 1582 animalibus
1341 1546 1437 1595 pro
1494 1530 1642 1583 armis
1688 1542 1832 1584 sunt.

253 1621 255 1624 ⁴
305 1615 446 1668 Haec
504 1628 584 1670 est
648 1617 888 1685 generalis
946 1615 1143 1681 forma,
1199 1617 1347 1684 cujus
1386 1629 1552 1670 tamen
1609 1631 1842 1672 enarran-

234 1702 325 1758 dae
389 1715 512 1758 sunt
568 1705 918 1758 memorabiles
960 1703 1203 1769 quaedam
1225 1743 1243 1768 ‚
1294 1716 1351 1756 ut
1394 1703 1459 1756 ita
1499 1706 1655 1758 dicam
1676 1746 1694 1771 ,
1753 1708 1840 1761 de-

233 1791 501 1846 viatIOnes.
584 1793 743 1863 Quod
805 1793 867 1845 ad
939 1790 1340 1858 pleuronectides
1407 1793 1617 1860 attinet,
1679 1795 1732 1847 in
1779 1812 1843 1850 eo

231 1881 420 1947 latere,
510 1882 653 1947 quod
719 1898 816 1949 pro
874 1894 1047 1935 ventre
1110 1894 1222 1946 est,
1278 1898 1393 1934 ossa
1443 1882 1844 1938 intermaxillaria

238 1979 289 2022 et
350 1985 406 2021 ea
468 1968 693 2022 maxillae
750 1969 1025 2036 superioris
1077 1982 1126 2022 ct
1179 1969 1429 2022 inferioris
1476 1970 1530 2022 in
1582 1973 1841 2027 nonnullis

238 2040 439 2110 saltem⁴
464 2059 728 2125 speciebus
783 2059 946 2111 multo
1005 2057 1161 2124 magis
1230 2059 1429 2110 evoluta
1475 2070 1635 2126 sunt,
1688 2078 1840 2127 quam

237 2148 290 2200 in
336 2147 576 2213 opposito
631 2148 814 2212 latere,
865 2146 915 2198 in
963 2163 1067 2213 quo
1113 2147 1247 2198 oculi
1292 2148 1630 2212 reperiuntur.
1701 2152 1844 2206 Den-

237 2228 314 2290 tes
349 2234 495 2290 etiam
543 2236 595 2288 in
637 2235 723 2288 illo
763 2237 951 2299 latere,
985 2235 1072 2287 ubi
1107 2235 1240 2287 oculi
1275 2236 1503 2289 collocati
1537 2250 1692 2306 sunt,
1728 2240 1840 2295 lon.

233 2341 297 2393 ge
344 2324 526 2377 minori
577 2341 787 2378 numero
850 2326 1067 2389 adsunt,
1126 2341 1273 2389 quam
1334 2324 1386 2376 in
1454 2329 1732 2395 opposito,
1791 2341 1843 2383 et

231 2413 300 2466 ita
354 2415 529 2480 parvi,
585 2426 642 2467 ut
694 2415 964 2468 commodo
1020 2413 1256 2480 distingui
1301 2413 1385 2465 vix
1445 2429 1694 2484 quaeantg,
1747 2433 1840 2471 nec

233 2502 384 2557 dubia
430 2502 593 2568 ratio,
652 2518 743 2555 cur
789 2503 857 2554 ita
896 2501 991 2566 sit,
1044 2518 1160 2554 cum
1206 2518 1374 2554 revera
1404 2501 1541 2557 istud
1578 2507 1708 2560 latus
1741 2523 1838 2573 pro

235 2603 407 2645 ventre
469 2592 566 2656 sit‚
632 2592 684 2643 in
743 2608 848 2657 quo
901 2592 1077 2643 dentes
1121 2590 1532 2657 maxillarumque
1581 2611 1696 2648 ossa
1739 2612 1842 2650 ma-

233 2681 343 2749 jora
375 2692 526 2745 sunt,
566 2696 784 2745 cumque
808 2680 949 2733 nisus
979 2678 1276 2733 formativus
1315 2679 1365 2731 id
1386 2720 1402 2745 ,
1439 2684 1576 2746 quod
1594 2685 1761 2737 cranio
1789 2698 1842 2740 et

232 2785 477 2823 sensuum
542 2768 747 2821 officinis
801 2768 880 2818 hic
925 2769 1095 2831 dc'c‘st,
1153 2766 1369 2820 evolutis
1412 2769 1512 2820 oris
1567 2772 1836 2841 partibus,

234 2874 558 2926 compensare
625 2857 847 2912 voluisse
898 2856 1123 2911 videatur
1187 2857 1267 2924 (z
1290 2856 1341 2925 ).
1428 2857 1541 2910 Alia
1616 2860 1833 2928 omitt0‚

1748 2952 1842 3005 secl

290 3071 399 3123 (z)
426 3071 536 3112 Vide
563 3071 855 3112 Autcnrie
876 3072 930 3111 th
956 3071 1008 3111 L.
1038 3073 1070 3111 l.
1104 3072 1150 3110 S.
1181 3068 1248 3116 63.
1303 3071 1394 3109 Hoc
1423 3069 1492 3110 ille
1532 3071 1572 3111 in
1604 3075 1675 3115 Pl.
1709 3076 1822 3116 Pla.

244 3135 364 3182 tes'sa
414 3140 549 3192 vidit,
604 3152 682 3194 ego
724 3152 811 3184 tum
848 3141 889 3183 in
932 3142 1038 3191 hac,
1070 3150 1156 3179 tum
1209 3140 1248 3180 in
1287 3140 1375 3182 aliis
1407 3142 1652 3193 speciebus;
1697 3151 1739 3182 at
1779 3142 1822 3181 in

1090 3212 1137 3264 K
1175 3228 1207 3264 2
1770 3212 1834 3257 Ρ.·
