2266 3923
433 210 505 278 64
827 167 1660 274 DrssEaTATIo

433 360 685 419 surculam
721 359 952 426 trahant3
988 359 1070 411 alii
1097 364 1312 418 musculi
1341 364 1455 417 dein
1485 382 1659 421 secum
1693 366 1899 424 trahunt
1929 370 2031 440 pri-

427 467 562 509 mam
591 462 781 505 costam
801 487 819 513 ,
858 464 1009 514 quam
1046 462 1264 504 caeterae
1305 468 1627 523 sequuntur,
1665 459 1854 528 quippe
1892 478 2023 528 quae

433 537 742 610 aponeurosi
782 537 912 592 inter
948 555 1060 592 sese
1104 540 1373 595 cohaerent
1428 559 1624 598 omnes,
1699 548 1781 602 Sic
1821 562 2035 617 costae,

428 648 558 700 quae
614 630 669 683 in
720 640 856 683 statu
904 630 1114 684 naturali
1160 636 1481 700 postrorsum
1543 648 1809 693 vertuntur
1826 679 1845 706 ‚
1907 656 2028 696 cum

427 721 592 788 spina
645 719 885 787 angulum
961 719 1118 788 magis
1169 734 1364 776 rectum
1417 724 1672 792 efficiunt,
1745 728 2027 783 abdominis

393 816 608 865 ⁴*ravum
656 809 870 877 amplius
916 809 1167 874 reddunt,
1221 825 1327 874 quo
1374 809 1508 862 facto
1562 812 1728 865 vesica
1780 816 2023 870 natatoria

423 897 729 956 nanciscitur
747 939 766 966 ,
815 898 867 950 in
910 913 1014 963 quo
1059 912 1115 948 se
1155 895 1347 948 dilatari
1374 896 1578 964 possit,
1627 899 1867 966 spatium.
1917 903 2025 957 Va-

422 987 523 1043 rias
582 1005 704 1043 vero
774 988 895 1040 haec
951 986 1192 1042 clavicula
1244 989 1536 1042 coraco‘idea
1578 989 1632 1042 in
1670 991 1818 1045 variis
1870 991 2023 1048 habet

418 1076 744 1143 functioneS‚
813 1077 1073 1145 variasque
1136 1078 1345 1132 formas.
1431 1078 1490 1132 In
1557 1078 1722 1134 Esoce
1788 1081 2021 1148 tenuissi-

421 1182 564 1223 mum
615 1167 867 1234 quoddam
929 1168 1068 1222 filum
1116 1180 1230 1234 est,
1296 1167 1470 1235 parvi,
1524 1167 1569 1221 si
1618 1167 1770 1224 ullius
1790 1208 1808 1236 ,
1866 1186 2015 1226 usus·

398 1255 486 1311 'In
529 1257 828 1327 Mugilibus
863 1270 913 1312 et
964 1257 1401 1314 Chaetodontibus
1455 1257 1712 1312 nonnullis
1756 1258 1883 1326 apici
1923 1260 2020 1314 hu-

415 1346 504 1414 jus
561 1346 693 1401 ossis
746 1349 1015 1402 adhaerent
1066 1350 1249 1417 pinnae
1300 1350 1545 1404 ventrales
1563 1388 1583 1416 a
1651 1349 1720 1402 ita
1773 1362 1833 1404 ut
1882 1365 2016 1404 nova

409 1434 536 1488 haec
585 1434 853 1503 dispositio
908 1452 1102 1491 novum
1128 1477 1147 1504 ‚
1199 1449 1396 1505 praeter
1421 1483 1424 1486 ⁴
1445 1439 1560 1491 illos
1611 1436 2014 1506 Jugularium,

408 1522 775 1581 Pet-toralium
823 1540 976 1596 atque
1032 1528 1467 1584 Abdominalium
1486 1570 1505 1597 ‚
1568 1530 1793 1583 ordinem
1827 1540 2009 1597 postu-

411 1612 516 1665 lare
558 1611 805 1670 videatur.
877 1617 937 1669 In
989 1616 1187 1687 Lophio
1229 1620 1523 1689 piscatorio
1581 1617 1687 1671 fere
1734 1618 1796 1671 ad
1840 1617 2007 1671 radios

409 1693 727 1757 membranae
787 1704 1202 1774 branchiostegae
1258 1706 1467 1761 accedit.
1555 1707 1616 1759 In
1661 1706 1820 1760 hocce
1868 1706 2009 1773 pisce

404 1791 696 1847 membrana
735 1792 1118 1864 branchiostega
1134 1836 1154 1863 ‚
1207 1811 1345 1863 pone
1385 1795 1677 1849 claviculam
1721 1795 2004 1862 producta,

410 1880 674 1938 brachium
737 1884 925 1956 cingit,
999 1900 1049 1942 et
1115 1888 1208 1942 hac
1263 1887 1455 1941 ratione
1510 1886 1663 1940 simul
1714 1885 2006 1940 claviculam

407 1973 752 2027 coraco‘ideam
794 1974 1003 2030 obducit
1021 2016 1041 2042 ‚
1112 1994 1239 2043 quae
1299 1987 1552 2043 praeterea
1600 1973 1764 2027 forma
1810 1990 1903 2028 sua
1946 1989 2006 2026 ac

385 2057 680 2115 ⁴directione
746 2079 865 2117 cum
938 2063 1085 2117 radiis
1160 2063 1473 2117 membranae
1543 2061 1957 2131 branchiostegae
1980 2102 2001 2128 ‚

397 2152 489 2219 qui
523 2153 669 2205 etiam
716 2152 933 2220 elongati
963 2166 1122 2220 sunt,
1170 2153 1444 2220 convenit,
1481 2153 1535 2205 in
1582 2169 1643 2206 eo
1688 2163 1884 2207 tantum
1933 2152 1998 2206 ab

404 2240 469 2294 iis
513 2240 738 2307 diversa,
788 2243 930 2308 quod
986 2243 1085 2310 sit,
1140 2260 1257 2299 cum
1309 2244 1466 2312 magis
1495 2242 1775 2311 posteriora
1822 2258 2001 2296 versus

403 2329 594 2386 oriatur
612 2370 632 2398 ,
683 2329 743 2384 iis
778 2314 998 2385 brevior.
1072 2332 1313 2400 Elongati
1343 2348 1465 2386 vero
1519 2331 1642 2384 radii
1685 2331 2000 2384 membranae

403 2419 817 2489 branchiostegae
875 2437 980 2474 non
1044 2435 1264 2489 possunt
1330 2422 1589 2476 cavitatem
1661 2419 1996 2474 branchialem

401 2508 634 2562 claudere
681 2511 756 2564 uti
810 2511 1011 2578 solent,
1063 2514 1153 2566 sed
1188 2514 1287 2565 hoc
1331 2529 1447 2566 cum
1487 2512 1549 2565 ab
1594 2513 1837 2578 operculo
1883 2528 1996 2579 per·

405 2597 637 2666 ficiatur,
675 2600 785 2654 illae
817 2618 933 2655 cum
969 2603 1207 2658 clavicula
1239 2605 1531 2658 coraco'idea
1559 2620 1760 2658 saccum
1795 2620 1823 2656 a
1842 2618 2009 2656 mem--

397 2687 556 2743 brana
584 2688 966 2760 branchiostega
991 2691 1261 2748 formatum
1292 2694 1576 2760 sustinent,
1613 2695 1761 2763 cujus
1791 2709 1890 2761 ope
1915 2694 1994 2747 lo.-

398 2779 554 2846 phius
583 2779 750 2846 pisces
780 2781 948 2848 capit,
986 2782 1068 2836 vel
1097 2795 1229 2836 certe
1252 2795 1428 2850 captos
1460 2783 1673 2849 retinet,
1709 2799 1826 2836 cum
1855 2782 1907 2834 in
1929 2797 1991 2835 eo

399 2868 456 2924 G
471 2885 497 2924 e
513 2885 545 2924 o
563 2868 628 2924 ff
636 2886 663 2923 r
678 2886 711 2925 o
725 2887 761 2939 y
794 2882 845 2925 et
868 2869 986 2926 Pie
1004 2871 1037 2924 h
1054 2887 1134 2925 on
1161 2888 1332 2928 revera
1361 2872 1527 2941 pisces
1556 2872 1835 2928 invenerint
1864 2873 1893 2939 (
1903 2871 1986 2935 l).

1927 2958 1986 3010 In

456 3079 555 3136 (l)
596 3085 713 3126 Ann.
757 3084 814 3125 du
852 3084 976 3127 Mus.
1006 3082 1089 3126 IX.
1119 3092 1166 3136 p.
1192 3081 1289 3134 416.
1343 3081 1516 3134 Duplici
1554 3081 1681 3135 igitur
1706 3080 1863 3124 ratione
1892 3078 1979 3133 pis·

403 3138 475 3196 ces
521 3161 662 3206 captat
698 3152 895 3205 lophius.
937 3151 1134 3196 amndine
1175 3161 1301 3206 atque
1344 3163 1475 3194 nassa.
