2266 3923
378 272 461 385 ς’
709 302 1651 367 PRoLEGoMENm

385 462 602 534 denique
667 467 909 520 sceletum
964 461 1019 515 in
1079 459 1287 514 homine
1339 475 1458 516 cum
1509 460 1645 515 nuda
1707 469 1825 514 cute
1865 473 1990 517 eon÷

374 558 607 628 junctum
656 566 734 609 est
773 551 913 619 (d).

458 643 542 698 Ne
589 642 703 710 quis
748 657 870 696 vero
904 639 1075 694 credat
1093 679 1112 705 ‚
1151 637 1268 705 quia
1313 636 1514 694 duriora
1548 636 1988 707 tegumentaffcum

380 734 570 787 sceleto
599 729 999 799 comparavimus
1022 769 1041 796 ,
1080 728 1201 782 haec
1233 728 1345 782 ideo
1375 729 1525 783 nobis
1559 729 1663 784 veri
1703 726 1873 781 sceleti
1903 743 1990 781 ru-

382 823 600 877 dimenta
639 819 815 876 videri.
888 818 944 873 Si
996 834 1113 873 ossa
1154 829 1409 883 tamquam
1453 832 1639 885 organa
1671 822 1899 883 motus,'
1928 825 1989 868 ut

382 909 558 978 aiunt,
599 911 819 981 passiva
861 918 1055 960 tantum
1102 903 1478 958 consideramus
1515 903 1585 970 (ε
1605 904 1633 973 )
1653 945 1672 971 ‚
1706 917 1831 959 tunc
1877 903 1988 966 sine

385 998 542 1055 dubio
574 1010 829 1052 crustacea
860 994 942 1048 vel
985 992 1207 1046 coriacea
1237 992 1611 1047 articulatorum
1646 992 1988 1062 integumenta

386 1105 503 1144 ossa
553 1099 701 1142 erunt
743 1083 968 1138 dicenda.
1056 1082 1251 1136 Verum
1298 1081 1392 1136 etsi
1440 1083 1683 1135 sceletum
1737 1081 1991 1134 vertebra-

387 1169 559 1232 torum
630 1173 872 1230 musculis
931 1171 1256 1227 insertionem
1313 1171 1548 1241 praebeat
1566 1212 1585 1239 ,
1654 1172 1775 1224 haec
1821 1181 1989 1233 tamen

382 1266 557 1321 sceleti
610 1264 807 1320 functio
859 1279 951 1316 nec
999 1263 1148 1318 unica
1203 1274 1314 1331 est,
1369 1279 1463 1317 nec
1517 1265 1662 1319 etiam
1697 1260 1986 1329 praecipua.

384 1353 486 1407 Hic
530 1355 661 1408 enim
704 1352 899 1420 primus
940 1352 1134 1407 ossium
1181 1368 1310 1408 usus
1357 1363 1471 1418 est,
1509 1363 1581 1407 -ut
1622 1363 1844 1420 systema
1876 1364 1990 1402 ner-.

385 1458 536 1497 veum
579 1455 782 1511 tegant,
828 1455 880 1495 et
919 1443 1089 1496 thecas
1145 1442 1367 1495 forment
1419 1457 1516 1508 pro
1561 1441 1852 1510 majoribus·
1892 1440 1993 1492 hus

383 1532 470 1600 jus
513 1531 798 1600 systematis
837 1530 1066 1598 partibus
1109 1531 1244 1598 (f).
1320 1531 1432 1583 Nec
1474 1545 1716 1599 negamus
1761 1529 1813 1582 id
1861 1543 1991 1595 quo-

408 1634 411 1639 ’
1888 1632 1992 1683 <lue

444 1775 558 1831 (d)
585 1777 658 1821 Cf.
686 1778 959 1819 Steffens
993 1779 1051 1820 L.
1082 1780 1117 1821 l.
1156 1787 1207 1830 p.
1248 1789 1328 1828 10,
1369 1788 1435 1821 11.
1493 1779 1560 1818 De
1585 1777 1767 1828 squamis
1805 1776 1980 1829 piscium

396 1847 486 1900 egit
510 1850 554 1901 J.
583 1849 614 1888 B
631 1860 685 1890 as
702 1858 755 1890 te
772 1861 897 1899 rus,
935 1860 1061 1899 quem
1093 1847 1190 1888 vide
1217 1847 1259 1887 in
1289 1848 1394 1890 Act.
1427 1849 1665 1888 Societatis
1695 1849 1978 1891 Harlenzens.

402 1920 458 1963 T.
488 1919 574 1963 VI.
619 1918 798 1973 (1761)
829 1932 873 1961 2.
911 1928 961 1972 p.
991 1917 1071 1971 746
1111 1930 1233 1971 seqq.
1277 1919 1648 1970 (Verbandeling
1676 1930 1780 1957 over
1821 1920 1873 1958 de
1914 1918 1982 1957 be-

399 1987 650 2029 kleedselen
687 2001 776 2031 van
816 1990 869 2028 de
900 1988 1006 2028 huid
1044 1988 1122 2027 der
1149 1989 1299 2051 dieregz
1330 1989 1374 2028 in
1407 1986 1442 2027 ’t
1481 1988 1704 2040 algemeen
1744 2000 1794 2028 en
1823 1987 1984 2039 byzan-

402 2060 485 2099 der
522 2070 628 2101 over
653 2058 708 2098 de
739 2058 951 2099 schubben
989 2059 1069 2098 der
1099 2053 1310 2110 vissen.)
1360 2056 1541 2098 Piscium
1570 2057 1731 2099 colores
1767 2070 1850 2098 non
1878 2069 1983 2108 pen-

399 2128 505 2170 dent
545 2140 569 2169 a
607 2126 819 2180 squamis,
875 2137 983 2179 quae
1033 2128 1152 2168 albae
1203 2136 1332 2179 suut,
1386 2140 1533 2169 verum
1585 2142 1608 2170 a
1660 2131 1897 2169 membrana
1936 2127 1986 2169 iis

397 2197 718 2250 superimposita
770 2207 815 2239 et
862 2210 987 2240 muco
1052 2198 1256 2241 obducta.
1335 2200 1488 2252 Magna
1537 2209 1648 2241 certe
1698 2200 1887 2252 analogia
1927 2212 1992 2244 est

404 2267 515 2308 inter
550 2279 641 2309 ossa
675 2278 954 2319 squamasque
997 2267 1203 2319 piscium;
1260 2268 1376 2317 quod
1416 2268 1538 2308 etiam
1581 2269 1756 2319 analysis
1799 2271 1985 2312 chemica

404 2337 560 2380 ossium
599 2337 741 2380 doceri
776 2337 975 2390 videtur,
1014 2337 1204 2380 Orfila
1244 2347 1433 2381 auctore.
1490 2338 1644 2379 Scribit
1679 2340 1787 2379 enim
1816 2341 1868 2380 de
1898 2341 1983 2391 pisa,

406 2410 517 2452 cium
559 2410 739 2456 ossibus.
798 2441 836 2463 „
863 2409 950 2454 Ces
992 2425 1068 2461 os,
1115 2412 1322 2463 diffdrens
1364 2413 1417 2452 de
1457 2425 1569 2453 ceux
1599 2413 1675 2452 des
1703 2420 1861 2452 autres
1889 2414 1985 2452 ani·

408 2509 446 2534 „
475 2493 614 2521 maux
658 2480 887 2524 vertebrds
926 2483 1192 2534 paruissent
1232 2482 1516 2524 entierement
1558 2480 1725 2532 formis
1753 2483 1805 2522 de
1836 2494 1987 2522 mucus

407 2578 448 2602 „
477 2551 700 2603 analogue
739 2553 766 2592 ὰ
796 2553 910 2593 celui
945 2565 1027 2604 que
1068 2551 1159 2592 l’on
1199 2559 1357 2593 trouve
1397 2555 1508 2594 dans
1558 2555 1624 2594 les
1663 2555 1890 2603 cheveux,
1921 2555 1987 2595 les

414 2647 452 2668 „
481 2632 657 2672 corner,
702 2623 766 2662 les
805 2624 955 2673 angles
996 2631 1078 2662 etc.
1098 2621 1132 2641 ”
1156 2621 1399 2671 (Elemens
1438 2625 1491 2663 de
1519 2625 1685 2665 Chimie
1722 2626 1849 2677 1819,
1879 2625 1982 2668 8vo.

409 2687 476 2732 ΙΙ.
515 2698 566 2742 p.
609 2691 744 2742 461.)
796 2692 914 2732 Nihil
965 2704 1067 2733 vero
1109 2691 1314 2742 ejusmodi
1352 2703 1488 2734 narrat
1538 2695 1604 2735 vir
1646 2695 1799 2739 Celcb.
1857 2698 1991 2737 Hats

411 2759 610 2809 chett‚
640 2759 711 2809 qui
754 2762 927 2812 piscium
969 2774 1060 2804 ossa
1097 2762 1139 2803 in
1167 2775 1217 2804 eo
1256 2772 1416 2804 tantum
1454 2764 1638 2805 chemice
1677 2778 1700 2805 a
1739 2765 1991 2816 reliquorum

411 2827 648 2870 animalium
694 2831 856 2874 ossibus
910 2831 1142 2883 discrepare
1195 2836 1285 2885 a‘i’t,
1338 2835 1453 2884 quod
1499 2836 1698 2876 minorem
1749 2835 1994 2885 phosphatis

412 2899 538 2939 calcis
578 2900 739 2951 copiam
779 2904 990 2954 habeant,
1036 2913 1156 2944 aucta
1194 2903 1481 2956 cartilagineae
1533 2903 1784 2946 substantiae
1823 2904 1989 2954 quanti-

417 2978 526 3012 tate.
580 2973 641 3013 V.
682 2974 771 3024 ejus
809 2977 1122 3028 Experiments
1174 2978 1265 3016 and
1303 2978 1618 3018 Observations
1647 2989 1698 3016 on
1738 2977 1862 3016 Shell
1902 2978 1992 3018 and

423 3042 567 3089 Bone,
596 3040 637 3080 in
680 3045 853 3087 Philas.
897 3047 1139 3088 Transact.
1174 3044 1252 3095 for
1281 3048 1354 3086 the
1389 3048 1500 3087 Year
1539 3058 1656 3098 1799.
1685 3056 1732 3098 p.
1761 3045 1858 3095 326.

469 3108 569 3164 (e)
599 3113 768 3160 system
806 3117 885 3156 der
915 3117 1273 3168 ven-gleichenden
1300 3116 1532 3157 Anatomie
1570 3129 1650 3158 von
1686 3119 1729 3171 J.
1763 3118 1816 3158 F.
1846 3120 1988 3160 Mec-

418 3180 447 3220 k
467 3180 522 3220 el
562 3181 600 3221 Ι.
635 3184 759 3223 leeil
787 3188 835 3225 S.
884 3185 955 3238 165
982 3187 1162 3235 (Hane
1194 3186 1308 3228 1821.
1338 3188 1439 3228 8vo.
1458 3186 1485 3236 )

469 3250 570 3304 (f)
602 3254 637 3294 O
657 3251 764 3293 ken
799 3254 938 3296 Ucber
963 3257 1032 3297 die
1061 3255 1320 3308 hedctctzmg
1348 3257 1425 3296 der
1458 3257 1856 3309 &Maestum-hen,
1878 3258 1993 3305 Jena

1881 3326 1995 3379 1807.
