2266 3923
431 121 570 222 102⁴
811 159 1652 222 DISSERTATIO

440 317 563 371 dicis
622 331 812 386 partem
881 317 1135 382 efficiunt,
1206 333 1322 372 cum
1390 315 1582 370 femore
1639 328 1975 383 comparatam
2020 331 2048 371 a

444 404 486 461 B
506 409 658 462 loch
677 408 690 459 i
710 425 763 460 0.
839 407 1013 461 Altera
1066 422 1178 474 pars
1200 445 1220 472 ‚
1275 420 1426 472 quam
1473 404 1603 458 idem
1648 404 1730 457 ille
1773 421 1891 459 cum
1937 405 2057 460 tibia

446 497 788 565 comparavit,
843 513 905 550 cx
953 495 1117 549 tribus
1156 493 1530 563 cartilaginibus
1553 534 1572 561 ‚
1610 494 1739 548 inter
1780 509 1890 547 sese
1921 495 2059 549 nulla

447 588 642 642 ratione
679 586 951 640 mobilibus
969 625 989 651 ‚
1026 596 1246 639 constat.
1318 584 1378 638 In
1407 583 1627 652 margine
1654 581 1812 637 canali
1841 583 2058 637 instruc-

393 738 407 752 x
451 684 504 730 t'a
546 688 658 741 est,
723 675 812 742 qui
863 675 914 727 in
959 686 1101 741 parte
1138 672 1285 726 tertia
1346 671 1590 738 aperitur.
1662 663 1811 724 Hanc
1870 683 2064 738 partem

451 765 674 819 efficiunt
748 776 945 832 septem
1005 758 1320 826 cartilagines
1340 797 1360 822 ‚
1436 767 1565 822 quae
1612 772 1791 810 omnes
1849 757 2063 813 mobiles

453 868 609 922 sunt,
657 866 707 908 et
755 853 921 908 forma
969 848 1230 901 differunt.
1302 844 1389 898 Ad
1437 844 1565 908 hanc
1616 858 1808 912 partem
1854 849 2067 902 efficien-

456 947 572 1000 dam
636 945 780 997 etiam
841 938 1081 1005 cartilago
1144 933 1394 990 secundae
1453 933 1609 1000 partis
1626 975 1644 1001 ‚
1695 947 1823 1002 quae
1873 939 1936 991 ad
1983 946 2068 992 ex'-

458 1033 756 1086 tremitatem
799 1027 1088 1081 inferiorem
1135 1038 1302 1091 usque
1330 1022 1645 1092 porrigitur,
1674 1024 1893 1080 confert.
1969 1027 2069 1081 Ca·
2141 1010 2146 1015 ¹

467 1122 630 1187 1111115,
716 1136 867 1188 quem
930 1116 1146 1171 diximus
1165 1154 1185 1182 ‚
1238 1112 1509 1167 excretioni
1568 1113 1776 1168 inservit
1844 1117 2070 1171 humoris

463 1211 688 1276 viscosi,
738 1210 884 1278 qu'us
926 1204 1139 1260 secretio
1184 1220 1212 1256 a
1260 1203 1494 1271 glandula
1539 1203 1755 1270 quadam
1791 1205 1922 1260 ovali
1960 1223 2074 1275 per-

461 1300 650 1357 ficitur.
1427 1342 1430 1345 .

535 1392 733 1445 Harum
780 1386 997 1454 partium
1047 1400 1175 1439 usus
1234 1381 1420 1438 dubius
1470 1382 1632 1436 adhuc
1667 1381 1882 1438 videtur.
1941 1383 2080 1454 Quid

464 1483 624 1549 vulgo
668 1479 759 1531 hac
810 1478 870 1530 de
912 1491 965 1527 re
1001 1475 1214 1527 credunt
1254 1474 1355 1541 jam
1396 1471 1633 1526 diximus.
1709 1471 1908 1527 Geof
1918 1472 1946 1526 f
1954 1490 2079 1542 roy

470 1589 627 1638 vem,
679 1583 737 1624 ut
780 1578 953 1621 monet
995 1564 1175 1620 Cuvi
1195 1562 1414 1629 eriuS,
1465 1562 1573 1616 illas
1612 1561 1833 1618 maribus
1888 1565 1950 1616 ad
1996 1579 2081 1618 ex-

469 1661 692 1716 citandas
753 1658 805 1710 111
868 1661 1012 1711 coitu
1088 1655 1337 1708 foeminas
1408 1652 1647 1708 inservire
1702 1655 1895 1720 credit,
1972 1668 2091 1708 cum

469 1749 785 1805 inmittantur
838 1746 889 1798 111
959 1745 1136 1797 harum
1200 1743 1442 1796 cloacam.
1515 1742 1780 1812 Quidquid
1827 1742 1925 1809 511,
1978 1759 2088 1797 mo·-

474 1841 581 1892 veri
641 1847 866 1905 possunt
919 1835 1013 1887 hae
1069 1833 1374 1900 appendices
1394 1873 1414 1899 ‚
1453 1843 1538 1897 et,
1592 1844 1786 1898 praeter
1834 1831 1984 1884 alium
2034 1830 2086 1883 in

477 1931 624 1982 co'itu
686 1937 838 1979 11511111
864 1966 881 1990 ‚
953 1939 1060 1976 11011
1125 1934 1346 1988 possunt
1405 1936 1512 1974 non
1569 1923 1631 1973 ad
1689 1932 1914 1974 natatum
1969 1935 2087 1974 suas

476 2030 646 2086 partes
703 2011 936 2068 conferre
991 2011 1069 2077 (g
1088 2008 1134 2075 ).

531 2167 643 2221 (g)
669 2165 780 2207 Vide
824 2163 1047 2204 Cuvier
1076 2162 1274 2212 Lepons,
1302 2162 1363 2202 V.
1396 2167 1441 2212 p.
1471 2170 1697 2212 117-119.
1734 2160 1883 2211 Rajae
1911 2160 2078 2201 bacidis

487 2237 738 2292 appendices
780 2232 999 2284 descripsit
1035 2229 1381 2282 Lacepcde,
1436 2229 1509 2280 qui
1550 2230 1742 2270 undecim
1773 2230 1814 2270 iu
1856 2229 1902 2272 iis
1945 2232 2085 2273 adesse

489 2321 628 2363 partes
670 2309 865 2350 affirmat.
926 2307 1051 2347 Hirt.
1096 2313 1252 2348 natur.
1284 2305 1359 2343 des
1402 2303 1611 2343 Poissons
1650 2303 1700 2343 T.
1742 2301 1777 2340 Ι.
1806 2311 1848 2352 p.
1893 2313 1974 2352 52,
2018 2312 2085 2352 53.

489 2384 586 2423 Non
643 2380 746 2420 adeo
802 2386 993 2418 constans
1034 2386 1230 2416 numerus
1286 2372 1574 2425 cartilaginum
1617 2383 1703 2412 csse
1748 2371 1943 2423 videtur,
1986 2373 2093 2411 hanc

493 2452 767 2505 appendicem
813 2447 1176 2490 constituentium.
1236 2445 1285 2485 In
1322 2447 1399 2498 Sq.
1446 2446 1659 2496 squatina
1702 2443 1872 2495 primam
1907 2451 2095 2494 partem,

494 2536 590 2565 cum
646 2534 736 2563 osse
791 2521 1085 2574 longitudinali
1141 2519 1287 2571 pinnas
1343 2517 1553 2559 ventralcs
1607 2525 1866 2558 sustentante
1909 2514 2095 2565 proxime

491 2593 782 2644 conjunctam,
824 2592 864 2632 in
905 2593 1031 2631 latere
1073 2590 1237 2631 sinistro
1281 2602 1336 2632 ex
1376 2590 1537 2630 duabus
1578 2595 1770 2638 tantum,
1803 2586 1843 2626 in
1871 2587 2019 2627 dextro
2046 2596 2098 2625 ex

494 2665 627 2706 tribus
666 2655 854 2715 partibus
912 2659 1185 2712 compositam
1227 2669 1313 2701 esse
1355 2657 1595 2701 observavi.

1971 3156 2106 3211 CA-
