2266 3923
371 237 438 278 20
744 214 1594 280 ,DISSERTATIO

391 371 572 438 parvi,
615 384 723 427 tum
770 388 967 426 crassae
1022 373 1229 451 spinalis
1280 372 1525 447 medullae
1574 371 1816 434 rationem
1849 369 1995 443 (ᾳ).

397 460 545 531 Quae
586 461 720 514 5111111
768 460 999 529 organica
1047 460 1229 516 dicitur
1268 461 1370 516 vita
1411 459 1465 514 in
1501 443 1733 534 piscibus
1779 450 2003 515 domina-

396 557 484 603 tur
501 588 519 616 ,
572 562 621 602 et
660 550 791 605 inter
834 548 1122 604 functiones
1180 550 1310 604 vitae
1360 549 1621 621 animalis,
1669 548 1847 604 ceteris
1897 532 2005 602 fere

400 638 721 704 torpentibus
740 676 759 704 ,
789 638 968 708 viget,
1003 642 1187 708 magna
1230 639 1581 695 musculorum
1615 625 1685 691 'vi
1704 675 1723 704 ,
1775 634 2013 695 movendi

401 725 639 792 facultas.
713 727 972 789 Odoratus
1024 726 1291 781 acerrimus
1339 742 1452 780 esse
1498 724 1696 781 videtur
1715 766 1735 794 ,
1787 725 1863 782 uti
1909 724 2015 781 ani-'

407 797 622 869 malibus
658 814 922 884 rapacibus
966 815 1233 901 proprium
1283 824 1394 882 est,
1432 823 1483 865 et
1517 802 1746 880 amplam
1791 826 2011 883 occupat

406 902 687 971 officinam,
727 906 868 973 quod
894 919 1012 975 cum
1059 903 1242 978 odores
1267 901 1447 964 melius
1480 916 1574 971 per
1611 904 1772 956 aerem
1790 942 1810 970 ,
1860 918 2017 971 quam

407 980 501 1058 per
539 1009 720 1059 aquam
778 996 1075 1057 transeunt,
1127 989 1268 1044 aliter
1321 1005 1434 1044 esse
1485 989 1572 1066 vix
1631 1004 1850 1058 poterat.
1926 975 2019 1046 Se-‘

409 1081 586 1146 quitur
633 1081 812 1155 visus}
867 1081 1037 1149 magni
1081 1092 1205 1135 sunt
1268 1070 1484 1148 piscium
1527 1079 1698 1147 oculi,
1734 1080 1876 1152 quod
1899 1095 2022 1134 noc-

408 1170 573 1224 turnis
620 1187 890 1226 commune
941 1182 1018 1224 est
1078 1169 1398 1224 animalibus.
1484 1167 1692 1223 Fabrica
1749 1155 2027 1225 oculorum*

409 1275 467 1311 ea
523 1273 600 1314 est
619 1300 638 1327 ,
700 1277 828 1326 quae
892 1260 944 1313 in
995 1258 1291 1314 animalibus
1344 1258 1648 1326 aquatilibus
1696 1276 1808 1314 esse
1866 1257 2024 1315 debe-

408 1347 512 1401 bat.
602 1349 790 1419 Majori
850 1347 1089 1403 nimirum
1137 1365 1272 1419 opus
1334 1362 1440 1402 erat
1494 1349 1748 1403 radiorum
1809 1348 2013 1405 luminis

407 1436 745 1507 refractione,
787 1456 814 1492 e
857 1437 1129 1524 densiole,
1161 1454 1311 1506 quam
1351 1427 1431 1490 aer
1475 1450 1594 1504 est,
1631 1439 1798 1504 medio
1831 1437 2023 1497 oeulos

404 1527 490 1578 511υ
465 1528 665 1593 1511151
669 1540 828 1594 tium,
894 1528 1046 1592 inde,
1095 1543 1211 1580 cum
1274 1543 1426 1593 parva
1470 1527 1699 1580 humoris
1751 1528 1894 1596 vitrei
1952 1531 2019 1584 sit

413 1617 561 1696 copia
579 1658 596 1683 ,
651 1633 881 1685 magnam
924 1606 1174 1672 cernimus
1222 1616 1406 1671 lentem
1452 1616 1801 1684 cristallinam,
1840 1619 2017 1674 duram

409 1716 563 1771 atque
597 1704 703 1759 fere
748 1708 1075 1775 sphaericam.
1122 1709 1310 1781 ¹Quod
1352 1708 1415 1761 ad
1446 1707 1672 1761 auditum
1711 1709 2018 1780 attinet,ali÷

409 1807 486 1862 ter
531 1796 696 1866 vhujus
756 1814 938 1853 sensus
998 1812 1245 1865 organum
1302 1795 1600 1850 fabricatum
1648 1807 1725 1850 est
1751 1796 1827 1850 ’111
1876 1797 2022 1855 carti-

405 1885 647 1953 lagineis,
719 1888 858 1941 aliter
919 1887 971 1945 in
1031 1880 1214 1942 osseis.
1289 1886 1398 1944 Sed,
1436 1885 1490 1937 in
1536 1883 1772 1951 omnibus
1824 1887 1887 1940 ad
1948 1887 2023 1942 di·

410 1975 646 2029 stinctam
701 1989 751 2029 et
790 1978 971 2030 claram
1028 1975 1225 2029 sonitus
1270 1973 1684 2044 perceptionem,
1721 1967 1901 2042 parum
1932 1993 2020 2044 ap-

407 2076 518 2127 tum
570 2065 786 2120 videtur.
863 2052 1058 2119 Tactus
1100 2079 1205 2118 non
1254 2063 1535 2130 exquisitus
1578 2073 1689 2130 est,
1737 2064 2025 2120 dominatur

412 2153 465 2206 in
511 2155 688 2221 labiis,
739 2172 970 2223 quaeque
1034 2155 1112 2209 his
1163 2170 1269 2208 non
1314 2171 1427 2212 raro
1467 2154 1736 2213 adbaerent
1797 2152 2020 2220 filamen-

414 2243 516 2312 tis;
557 2247 607 2299 in
650 2247 711 2300 iis
775 2263 932 2313 porro
981 2248 1212 2314 corporis
1261 2246 1528 2314 partibus,
1593 2261 1719 2311 quae
1780 2245 2020 2299 nudiores

415 2347 576 2402 sunt,
627 2336 700 2390 uti
752 2337 1020 2403 abdomen.
1110 2337 1350 2406 Elongati
1408 2336 1608 2404 pisceS,
1658 2334 1828 2402 quales
1861 2335 2028 2402 Gym-

419 2424 564 2489 noti,
618 2424 764 2496 plicis
803 2424 1032 2490 corporis
1085 2441 1166 2479 res
1215 2425 1654 2489 circumvolvunt,
1734 2434 1783 2475 et
1851 2419 2029 2476 forsan

421 2511 473 2563 in
519 2512 595 2564 his
651 2529 743 2579 per
790 2526 992 2566 0111115111
1050 2511 1207 2565 totius
1261 2511 1492 2578 corporis
1549 2510 1867 2578 superficiem
1923 2522 2026 2565 tac-

422 2610 508 2654 tus
554 2600 772 2656 diffusus
832 2601 960 2666 erit,
1012 2616 1128 2653 cum
1180 2599 1348 2666 parvis
1395 2613 1627 2668 tegantur
1678 2599 1903 2672 squamis
1955 2611 2028 2677 ag·

423 2704 528 2755 que
591 2692 862 2744 admodum
916 2690 1175 2744 tenuibus·
1250 2689 1454 2744 Gustus
1516 2689 1619 2744 fere
1661 2690 1833 2744 nullus
1900 2690 2031 2755 erit,

426 2794 540 2831 cum
597 2780 765 2849 lingua
803 2782 927 2836 dura
962 2779 1064 2848 sit,
1101 2792 1151 2835 et
1194 2795 1574 2848 nonnumquam
1608 2779 1839 2840 dentibus
1884 2780 2030 2832 etiam

426 2868 730 2926 obducatur,

1871 2955 2028 3025 Quod

489 3097 598 3151 (q)
625 3099 904 3141 Lamarck
943 3102 1223 3154 Philosoplzie
1253 3101 1541 3152 Zob’logiqze.
1585 3096 1670 3138 Pa
1674 3096 1721 3136 is
1764 3093 1879 3147 1809.
1916 3093 2017 3134 8vo.

433 3180 476 3211 2.
501 3177 552 3220 p.
597 3169 700 3221 198,
738 3182 829 3223 199.
