2266 3923
625 258 707 302 DE
772 238 1116 299 SCELETo
1163 236 1499 295 molum.
1791 247 1861 310 31'

266 403 312 463 si
363 403 510 456 hasce
566 395 944 453 observationes
963 434 983 463 ‚
1047 393 1190 461 quod
1251 407 1404 460 spero
1420 429 1440 456 ‚
1508 388 1696 457 publici
1731 392 1869 461 juris·

263 490 486 554 facturus
539 499 616 543 est
638 528 657 556 ‚
707 479 857 541 nobis
893 485 1029 541 forte
1080 482 1492 540 verisimillimum
1537 480 1729 535 reddet.

334 581 393 632 In
437 578 634 648 Squalo
664 580 977 633 'carcharia
1018 577 1087 628 ita
1127 574 1233 628 fere
1276 569 1544 638 descripsit
1575 569 1865 626 columnam

262 666 601 729 vertebrarum
651 666 869 722 Trevi
890 682 1118 719 ranus.
1191 666 1395 717 Desunt
1432 661 1485 711 in
1515 676 1581 725 42
1610 658 1868 725 prioribus

263 754 504 810 vertebris
542 769 814 820 processus
865 751 1098 819 spinosi3
1148 750 1218 802 ibi
1261 765 1382 803 vero
1434 765 1587 815 supra
1652 764 1868 815 corpora

261 842 605 897 vertebrarum
665 843 849 896 eminet
900 844 1029 895 linea
1072 839 1291 893 rotunda
1315 878 1334 904 ‚
1361 838 1590 890 *canalem
1634 854 1731 904 pro
1763 854 1872 891 me-

261 931 398 985 dulla
437 930 618 997 spinali
660 931 926 984 continens
946 969 965 995 ‚
1026 928 1071 981 ei
1110 927 1319 981 similem
1339 961 1359 991 ⁵
1411 941 1563 991 quem
1610 927 1662 976 in
1709 926 1873 982 osseis

267 1034 542 1086 processus
587 1019 783 1085 spinosi
831 1018 1070 1075 efficiunt.
1146 1016 1286 1068 Haec
1325 1014 1452 1066 linea
1492 1030 1672 1068 versus
1716 1026 1872 1081 caput

263 1108 411 1161 latior
453 1107 546 1173 fit,
580 1107 844 1174 angustior
871 1122 994 1160 vero
1027 1120 1205 1158 versus
1239 1105 1464 1157 caudam.
1539 1103 1650 1155 Hac
1681 1104 1874 1157 ratione

263 1196 527 1264 angustior
590 1194 743 1248 simul
801 1195 861 1247 fit
918 1193 1146 1245 internus
1206 1191 1388 1243 canaiis
1451 1189 1527 1244 uti
1569 1190 1716 1244 etiam
1768 1208 1874 1244 me-

261 1285 397 1338 dulla
470 1282 674 1351 spinalis
739 1282 940 1336 tenuior
1006 1296 1184 1334 versus
1273 1279 1481 1333 caudam
1555 1278 1867 1345 postulabat.

260 1373 323 1425 In
383 1385 462 1426 tot
516 1373 753 1428 dividitur
818 1372 1176 1427 transversales
1233 1371 1483 1427 sectiones
1533 1384 1661 1437 quot
1713 1384 1874 1438 sunt,

268 1477 482 1528 quarum
544 1463 849 1530 corporibus
923 1474 999 1515 est
1079 1461 1464 1527 superimposita
1484 1501 1502 1527 ‚
1570 1460 1826 1514 vertebrae
1849 1479 1872 1526 ;

266 1564 441 1602 verum
488 1566 516 1602 a
556 1550 747 1603 decima
806 1551 947 1602 tertia
1004 1550 1231 1602 vertebra
1282 1550 1398 1600 inde
1469 1549 1654 1612 cuique
1711 1561 1875 1601 verte-

267 1636 470 1690 brarum
525 1635 728 1701 corpori
774 1636 901 1688 duae
954 1632 1204 1701 ejusmodi
1246 1633 1494 1685 sectiones
1547 1635 1875 1700 respondent.

271 1726 322 1778 A
362 1726 738 1793 quadragesima
772 1725 991 1778 secunda
1032 1724 1260 1776 vertebra
1311 1724 1426 1775 inde
1468 1724 1702 1777 oriuntur
1754 1741 1877 1791 pro·

266 1829 440 1869 cessus
492 1815 687 1881 spinosi
737 1827 846 1867 tum
895 1813 1222 1880 superiores,
1286 1822 1394 1865 tum
1441 1811 1723 1866 inferiores.
1795 1813 1877 1866 Illi

268 1916 375 1957 non
449 1905 512 1955 ad
582 1914 850 1956 extremam
923 1903 1131 1954 caudam
1199 1915 1364 1965 usquc
1424 1900 1608 1953 adsunt
1626 1940 1643 1965 ‚
1696 1917 1875 1955 verum

268 2005 382 2050 ante
434 1994 583 2046 finem
629 1993 814 2047 caudae
863 2008 1040 2045 rursus
1084 1990 1357 2056 disparent.
1462 1990 1723 2043 Vertebris
1766 2003 1875 2044 tan-

270 2094 380 2136 tum
418 2082 717 2151 cartilaginis
765 2099 863 2149 ope
907 2082 1174 2135 adhaerent
1198 2121 1216 2144 .,
1270 2092 1319 2132 et
1371 2079 1531 2133 variae
1576 2093 1697 2134 sunt
1739 2098 1878 2150 mag-

273 2170 514 2226 nitudinis
533 2209 552 2235 ,
592 2172 714 2238 quin
754 2172 898 2224 etiam
944 2170 1193 2223 interdum
1244 2184 1378 2221 unus
1430 2170 1614 2222 alterve
1663 2188 1876 2237 prorsus

273 2259 430 2313 abest.
505 2259 773 2313 Inferiores
812 2276 1083 2326 processus
1134 2256 1481 2323 superioribus
1527 2273 1648 2312 sunt
1697 2260 1877 2314 fortio-

272 2366 388 2416 τρε,
430 2363 480 2403 et
526 2352 587 2404 ad
630 2351 836 2404 caudam
883 2367 1047 2416 usque
1084 2350 1306 2418 ejusdem
1348 2348 1453 2401 fere
1484 2348 1871 2417 magnitudinis3

272 2437 466 2492 inferne
538 2441 603 2493 ita
666 2452 887 2505 coeunt,
945 2451 1001 2493 ut
1051 2439 1256 2492 cristam
1309 2437 1553 2503 efficiant,
1595 2453 1695 2503 qua
1733 2436 1786 2489 in
1821 2453 1877 2490 re

275 2528 338 2581 ab
391 2528 450 2582 iis
498 2529 713 2596 piscium
757 2545 1060 2594 osseorum‚
1117 2528 1204 2594 qui
1239 2539 1360 2580 sunt
1398 2527 1566 2592 acuti,
1619 2526 1879 2584 differunt·

273 2616 547 2673 Processus
619 2619 886 2673 transversi
945 2619 1220 2672 decurrunt
1263 2634 1291 2670 a
1327 2617 1486 2684 prima
1523 2615 1752 2669 vertebra
1788 2631 1877 2668 us-

277 2721 376 2771 que
416 2708 479 2759 ad
534 2724 678 2772 eam,
730 2708 819 2761 ubi
851 2707 1096 2773 incipiunt
1143 2705 1436 2772 apophyses
1482 2703 1716 2770 spinosae
1750 2700 1878 2754 infe-

274 2795 432 2849 riores
498 2807 547 2848 et
607 2808 780 2849 venter
826 2796 1007 2848 desinit
1028 2834 1046 2859 ‚
1113 2793 1147 2846 i.
1196 2810 1240 2844 e.
1293 2809 1456 2858 usque
1498 2793 1558 2844 ad
1601 2792 1877 2859 quadrage-

1812 2894 1879 2933 sl-

289 3025 542 3064 variationi·
582 3035 736 3064 comme
762 3023 857 3066 fort
889 3031 1238 3076 sttrprenanteQ
1269 3022 1457 3074 puisque
1498 3020 1563 3063 M.
1600 3019 1720 3059 Dau
1738 3020 1868 3059 ben-

285 3101 342 3132 to
361 3104 386 3131 n
441 3094 516 3134 n’a
555 3102 640 3145 pas
679 3095 879 3144 toujours
936 3095 1161 3134 remancre
1199 3095 1241 3133 le
1281 3092 1412 3131 mc‘me
1453 3090 1621 3131 nombre
1671 3091 1722 3129 de
1763 3101 1864 3131 ‘ver-

289 3162 434 3204 teht-es
459 3164 692 3206 lombaires
719 3163 829 3203 dans
848 3163 910 3202 les
931 3164 1092 3204 clzerczu
1107 3173 1150 3203 τ.
1165 3159 1194 3178 ”
1216 3161 1587 3215 ῘΙῙέηι.[]νέ.ςεηιόε
1606 3159 1657 3202 T.
1676 3171 1713 3203 c·
1727 3166 1775 3211 p.
1792 3159 1860 3200 280
