2266 3923
617 213 693 292 im
763 195 1105 294 somaro
1172 199 1484 301 PISCIUM.
1779 270 1842 323 51

240 444 253 470 ,ὲ
318 360 563 461 organon
618 383 816 446 auditus
875 389 1086 460 piscium
1106 431 1124 459 ,
1189 392 1299 448 sine
1359 397 1504 466 cujus
1554 404 1840 469 cognitione

244 462 442 557 ossium
503 492 784 555 eorumque
839 477 1142 535 foraminum
1205 493 1458 538 structura
1520 485 1605 542 vix
1666 504 1836 557 potest

243 562 483 636 intelligi,
532 583 562 622 a
607 583 688 621 me
727 567 942 639 breviter
986 570 1083 642 alio
1109 571 1226 625 loco
1253 572 1560 642 descriptum
1593 588 1671 630 est
1700 582 1832 646 (s).

243 645 407 737 Quod
451 671 588 728 nunc
611 644 900 746 propterea
952 658 1289 731 animadverto
1309 700 1328 727 ,
1382 674 1440 734 ut
1479 663 1571 716 hac
1615 667 1837 722 occasio-

243 750 309 807 'ne
366 743 486 799 vitIa
538 753 744 811 possem
800 743 1083 813 corrigere,
1147 746 1274 812 quae
1323 746 1392 799 ibi
1440 749 1701 832 irrepsere.
1779 759 1837 811 In

237 810 342 906 illa
355 834 488 913 enim
525 822 863 901 disputatione
881 873 902 900 ,
954 849 1072 889 cum
1114 832 1237 887 mihi
1279 837 1546 905 praecipue
1589 847 1838 911 agendum

241 924 380 1009 esset
439 923 502 976 de
564 920 685 998 aure
746 921 1067 996 audituque
1090 910 1309 994 hominis
1326 963 1356 993 ,
1400 925 1539 981 brevi
1594 944 1644 983 et
1689 949 1838 999 gene-

237 993 329 1076 tali
389 1009 705 1079 expositione
757 1025 931 1066 eorum
947 1048 967 1077 ,
1045 1026 1175 1076 quae
1223 1026 1285 1064 eo
1331 1028 1496 1078 usque
1545 1016 1606 1068 de
1651 1012 1833 1074 anima-

239 1079 364 1154 lium
419 1099 540 1154 aure
604 1110 725 1152 nota
778 1093 917 1150 erant
936 1135 956 1163 ,
1010 1096 1279 1167 defunctus
1325 1115 1461 1154 sum.
1534 1103 1708 1158 Liceat
1748 1106 1840 1175 igi-

238 1198 326 1242 tur
392 1180 595 1266 concise
658 1187 757 1240 hoc
817 1175 932 1239 loco
979 1185 1179 1250 auditus
1223 1186 1466 1242 officinam
1516 1190 1569 1244 in
1608 1193 1834 1259 piscibus

239 1277 511 1345 persequi,
573 1276 726 1350 simul
789 1258 854 1330 ad
919 1290 1036 1329 ossa
1093 1274 1203 1343 ipsa
1267 1267 1433 1330 habita
1488 1280 1712 1354 ratione·
1695 1323 1714 1350 ,
1784 1285 1836 1339 in

239 1381 343 1432 qua
392 1351 727 1445 descriptione
772 1379 829 1417 ea
871 1362 1161 1430 praesertim
1210 1361 1445 1431 afferam,
1498 1385 1626 1434 quae
1670 1371 1721 1423 in
1764 1373 1833 1425 ci-

245 1463 350 1524 tata
405 1441 746 1531 disputatione
787 1452 1136 1520 praetermissa
1182 1464 1270 1507 aut
1312 1454 1478 1509 minus
1529 1470 1663 1524 recte
1708 1460 1839 1516 dicta

239 1533 581 1596 su1'1t.Hac
629 1543 682 1594 in
721 1558 774 1594 re
817 1554 1019 1611 utemur
1062 1540 1500 1606 disquisitionibus
1555 1531 1835 1601 Ernesti

237 1626 524 1683 Henrici
584 1629 891 1695 Weberi,
956 1626 1044 1694 qui
1113 1628 1254 1694 quod
1312 1630 1418 1682 scio
1464 1635 1837 1691 recentissimus

238 1706 302 1771 de
364 1702 483 1772 aure
543 1715 756 1784 piscium
816 1728 1023 1792 auctor,
1073 1713 1310 1782 singulari
1358 1718 1522 1771 omnia
1581 1722 1832 1790 diligentia

236 1792 535 1876 persecutus
587 1819 693 1876 est,
746 1816 795 1858 et
840 1806 1088 1872 praeclara
1142 1806 1376 1870 exposuit
1419 1810 1792 1875 perspicuitate.

304 1895 442 1948 Inter
503 1894 705 1961 pisces,
780 1910 885 1961 quo
929 1894 992 1948 ad
1037 1910 1266 1962 organon
1316 1888 1518 1952 auditus
1557 1900 1678 1954 mira
1722 1919 1833 1971 reg-

233 1966 322 2038 nat
366 1971 659 2054 diversitaS,
714 1999 865 2050 quam
913 1994 1080 2036 tamen
1126 1984 1305 2051 triplici
1342 1988 1501 2040 classe
1533 1993 1828 2057 complexus

234 2056 496 2128 estWeb
516 2089 636 2126 eru
659 2088 722 2137 S,
759 2072 821 2124 ad
848 2088 1059 2138 quarum
1092 2073 1301 2154 primam
1332 2090 1489 2129 unum
1523 2089 1716 2133 tantum
1745 2099 1829 2150 gc-

229 2157 329 2244 nus
347 2163 763 2231 Petromyzontis
778 2162 1032 2229 pertinet,
1062 2175 1113 2216 et
1140 2180 1201 2216 ex
1232 2151 1455 2232 analogia
1480 2167 1694 2221 arbitror
1724 2171 1827 2222 his·

231 2269 290 2307 ce
319 2252 490 2307 forsan
534 2252 678 2306 etiam
710 2251 1056 2306 Ammocoetes
1099 2265 1149 2307 et
1187 2253 1451 2321 Myxine,
1504 2255 1694 2322 reliqua
1736 2274 1824 2325 cy-

226 2324 589 2395 clostomarum
628 2355 842 2415 genera,
894 2357 1005 2396 esse
1025 2331 1410 2396 adnumeranda.
1484 2344 1540 2396 In
1566 2345 1643 2399 his
1681 2347 1822 2400 adest

227 2421 577 2485 tantummodo
642 2423 946 2484 vestibulum
1020 2413 1446 2503 membranaceum
1467 2471 1486 2498 ,
1545 2452 1574 2488 a
1631 2437 1821 2490 cartila-

227 2508 409 2602 gineo,
454 2518 658 2573 eandem
693 2517 907 2572 formam
952 2501 1165 2574 habente
1183 2560 1202 2588 ,
1261 2521 1544 2589 inclusum,
1620 2525 1760 2589 quod
1791 2541 1821 2577 a

226 2606 378 2661 cranii
421 2607 628 2662 cavitate
677 2609 961 2697 sejunctum
1015 2622 1111 2664 est.
1187 2611 1326 2665 Haec
1379 2615 1584 2679 capsula
1632 2615 1822 2668 cartila-

228 2699 372 2779 ginea
433 2679 646 2766 elliptica
709 2702 879 2756 cranio
945 2700 997 2754 in
1061 2715 1279 2769 utroque
1343 2704 1493 2757 latere
1550 2702 1818 2767 postciiori

231 2770 463 2865 adjuncta
511 2801 622 2855 est,
678 2802 727 2842 et
769 2790 980 2858 parietes
1029 2790 1178 2842 habet
1221 2791 1427 2857 exiguae
1478 2791 1566 2843 scd
1599 2792 1819 2856 aequalis

226 2868 488 2933 crassitiei.
579 2870 706 2943 „In
769 2875 896 2930 facie
956 2859 1191 2930 vestibuli
1251 2876 1548 2946 cartilaginei
1624 2881 1821 2936 cavitati

1648 3007 1680 3034 „
1718 2988 1823 3025 cra-

283 3084 389 3136 (5)
418 3085 466 3125 In
519 3086 837 3137 Disputatione
892 3087 1494 3140 anatomico-plzysiologica
1548 3092 1599 3130 de
1642 3105 1806 3145 organo

230 3154 414 3196 auditus
455 3157 498 3196 in
541 3157 719 3196 homine.
759 3155 885 3207 Traj.
928 3158 986 3196 ad
1024 3158 1111 3197 Rh.
1151 3155 1249 3199 8vo.
1305 3159 1415 3200 1822.
1442 3168 1491 3214 p.
1528 3160 1692 3204 8-11.·

1091 3225 1213 3280 Ge
