2266 3923
443 230 507 296 ge:
822 174 1732 275 Dl'SSERTATIO'

446 381 568 450 jus,
642 374 781 442 quod
853 384 950 438 pro
1013 384 1130 422 osse
1179 368 1436 438 lacrymali
1477 367 1649 424 haberi
1705 367 1913 438 potest,
1968 371 2081 427 nisi·

450 455 493 522 B
512 483 546 521 o
559 467 580 536 j
598 483 624 519 a
643 465 710 517 ni
790 457 1087 513 sententiam
1147 459 1294 527 sequi
1359 458 1529 514 lubeat
1551 498 1572 526 ‚
1640 460 1729 528 qui
1780 461 1904 515 illud
1965 470 2067 531 pro

448 568 616 631 parte
675 552 880 607 malari
928 551 1049 602 ossis
1100 551 1425 621 zygomatici
1476 548 1761 608 habendum
1819 567 1931 604 esse
1979 564 2065 606 ex-

451 647 639 702 istimat
685 641 836 713 (72).
893 637 1140 694 Ossicula
1185 639 1419 706 minora,
1459 639 1732 710 marginem
1781 639 2069 694 inferiorem

464 735 741 790 orbitarum
809 715 1068 783 efficientia
1124 743 1230 781 non
1266 730 1442 784 adesse
1483 729 1534 782 in
1575 730 1793 800 analogo'
1841 727 2035 784 orbitae
2050 756 2071 795 ‚=

463 823 606 892 quod
657 822 711 874 in
755 817 859 873 imo
910 820 1061 872 latere
1102 817 1280 884 capitis
1317 818 1766 884 pleuronectidum
1786 818 2070 922 reperitur,

460 911 850 970 Cuvierius
899 915 1077 960 auctor
1121 916 1200 959 est
1250 906 1393 975 (o).

476 1006 478 1009 ⁴
531 1000 796 1056 Foramina
867 995 1036 1064 optica
1098 996 1402 1064 plerumque
1437 1012 1467 1051 a
1505 1013 1563 1052 se
1604 996 1817 1052 invicem
1883 999 2077 1050 remota

460 1095 583 1147 sunt
605 1130 624 1158 ‚
688 1098 739 1143 et
773 1089 825 1140 in
882 1087 1012 1149 rasa
1035 1126 1054 1153 ,
1117 1085 1453 1141 anarrhicha
1501 1083 1711 1155 aliisque
1754 1087 1983 1156 piscibus
2022 1088 2076 1143 in

463 1180 703 1236 lateribus
756 1175 910 1230 cranii
953 1175 1220 1230 collocata.
1295 1175 1354 1228 In
1413 1172 1641 1243 piscibus
1688 1176 1830 1231 deest
1868 1173 2077 1243 fissura

465 1273 651 1344 spheno
669 1266 952 1322 -orbitalis
971 1304 992 1332 ‚
1056 1278 1107 1319 et
1167 1266 1307 1333 parvi
1370 1264 1512 1320 nervi
1575 1266 1784 1321 oculum
1835 1266 2077 1321 adeuntes

463 1358 651 1426 singuli
697 1355 846 1424 priva
886 1357 1150 1422 penetrant
1206 1352 1473 1407 foramina.
1545 1354 1604 1408 In
1645 1369 1826 1422 genere
1866 1354 2077 1409 unicum

467 1450 663 1505 tantum
737 1446 969 1502 foramen
1025 1446 1168 1500 adest
1225 1460 1323 1513 pro
1379 1443 1544 1500 tribus
1602 1443 1767 1511 quinti
1819 1441 1955 1510 paris
2002 1444 2080 1498 ra*-

466 1539 567 1591 mis
584 1578 605 1604 .,
655 1538 799 1605 quod
848 1535 1002 1604 igitur
1030 1535 1323 1604 fordminis
1368 1532 1620 1600 rotundi,
1665 1533 1831 1589 ovalis
1876 1543 1926 1585 et
1967 1535 2084 1601 par-

470 1625 558 1678 tim
602 1625 749 1680 etiam
790 1621 1025 1691 fissurae
1062 1623 1247 1693 spheno
1265 1649 1290 1662 -
1305 1619 1549 1675 orbitalis
1598 1620 1770 1675 locum
1810 1627 1968 1676 tenet'.
2023 1622 2085 1676 In

468 1718 722 1795 turpione
786 1714 912 1768 il’lud
974 1721 1141 1766 tamen
1213 1711 1268 1766 in
1305 1710 1402 1765 tria
1451 1708 1695 1766 foramina
1739 1711 1964 1766 cernitur
2009 1704 2086 1766 di·

470 1804 640 1861 ffisum
695 1804 723 1872 ζ
738 1802 839 1882 p).

541 1896 601 1948 In
648 1893 876 1962 piscibus
917 1890 1063 1945 etiam
1114 1895 1284 1957 neque
1325 1886 1588 1942 orbitalia
1631 1889 1901 1942 interiora
1918 1928 1939 1956 ‚
1993 1892 2078 1943 ne‘-

481 1995 582 2050 qne
625 1981 786 2050 infra
805 1979 1098 2033 -orhitalia
1125 1978 1415 2044 foramina
1466 1976 1787 2043 reperiuntur
1827 1966 1897 2049 (q
1915 1980 1963 2047 ).

778 2158 809 2224 §
846 2172 899 2222 4.
975 2152 1079 2231 De*
1098 2152 1286 2208 ossibus
1322 2156 1520 2224 organi
1556 2154 1791 2211 auditus.

553 2329 615 2391 In
675 2335 903 2405 piscibus
960 2332 1122 2387 osseis
1171 2330 1372 2386 auditus
1419 2330 1614 2384 officina
1655 2330 1940 2387 continetur
1980 2331 2093 2400 ipsa

489 2427 764 2492 eademque
827 2422 1073 2489 cavitate,
1140 2421 1193 2474 in
1245 2437 1345 2487 qua
1407 2420 1706 2488 cerebrum3
1761 2422 1894 2475 unde
1939 2421 2092 2474 cranii

487 2519 681 2572 cavitas
727 2519 856 2571 inter
906 2524 1053 2570 aures
1092 2529 1198 2566 non
1237 2511 1540 2581 angustior,
1598 2513 1701 2566 imo
1753 2513 1899 2566 latior
1958 2510 2094 2565 facta

490 2614 593 2662 estf
680 2608 738 2660 In
797 2603 1271 2674 chondropterygiis
1335 2603 1640 2660 contrarium
1690 2602 1886 2659 obtinet
1928 2601 2065 2671 (r).

1996 2691 2094 2745 Or-

548 2875 651 2926 (n)
682 2875 772 2916 Isis
816 2876 934 2918 18³3.
977 2876 1013 2919 ῐ.
1058 2877 1104 2918 S.
1143 2886 1236 2928 505.

550 2945 653 2998 (o)
681 2946 900 2987 euvier
941 2948 1124 2998 Lepons.
1167 2945 1229 2986 11.
1271 2955 1313 2998 p.
1354 2943 1424 2989 76,

551 3015 1055 3065 (p')Cuvier1bid.
1101 3026 1145 3068 p.
1189 3027 1271 3068 55,
1327 3014 1395 3066 56.

551 3083 794 3134 (q)Vide
837 3088 1055 3128 Cuvier
1093 3086 1148 3127 L.
1190 3087 1221 3127 Ι.
1264 3094 1305 3137 p.
1345 3086 1423 3133 87,
1479 3092 1549 3133 90·

549 3152 648 3205 (r)
679 3152 788 3193 Vide
825 3156 1042 3197 Cuvicr
1093 3154 1153 3201 L.
1191 3155 1222 3198 l.
1252 3162 1300 3205 p·
1342 3164 1423 3202 422
1459 3161 1526 3201 43·
