2266 3923
574 253 650 309 DE
723 251 1063 314 SCELETO
1134 252 1446 315 PISCIUM.
1731 280 1795 334 99

196 394 294 462 issa
323 420 436 464 ossa
482 404 714 470 vocavit,
770 416 819 458 et
850 444 868 470 ,
904 422 1019 460 cum
1071 407 1120 459 in
1164 408 1347 474 quovis
1388 425 1507 477 arcu
1552 411 1655 467 duo
1707 433 1784 475 re÷

190 492 471 561 periantur,
509 493 729 562 distinxit
752 494 804 547 in
839 499 1114 566 superiora
1154 509 1304 564 atque
1350 500 1616 568 insariam
1631 521 1655 567 ‚·
1692 503 1784 554 ob-

187 595 393 645 servans
443 580 624 646 simul,
676 593 825 648 atque
877 583 1020 636 icone
1057 587 1325 639 ostendens
1357 587 1408 639 in
1449 590 1775 654 struthionis

186 667 518 733 pleurealibus
559 669 710 736 huius
765 669 1023 729 divisionis
1052 689 1287 739 apparere
1321 678 1548 745 vestigia.
1621 678 1779 747 Quod

182 757 398 822 denique
444 772 560 809 ossa
613 757 695 808 illa
734 756 784 808 in
832 757 1008 819 avibus
1059 760 1251 818 minora
1298 762 1435 829 sint,
1493 784 1554 819 ex
1579 767 1771 822 theoria

180 845 242 899 de
293 860 596 912 organorum
649 849 941 902 rudimentis
980 851 1167 917 optime-
1203 856 1537 923 perspicitur,
1588 871 1638 911 et
1663 860 1775 912 lon„

179 932 305 1001 giori
348 932 672 999 explicatione
711 937 845 994 haud
892 937 1098 1005 indiget.

244 1023 374 1078 Sunt
419 1035 583 1076 tamen
632 1022 719 1088 qui
767 1038 913 1077 arcus
959 1025 1305 1081 branchiarum
1347 1046 1441 1095 pro
1480 1032 1610 1085 vetis
1653 1049 1771 1088 cos·

180 1112 245 1164 tis
288 1111 507 1179 habent,
546 1107 694 1177 qufim
744 1111 1074 1178 sententiam,
1101 1132 1127 1167 a
1170 1117 1592 1187 Duverneyo
1655 1139 1772 1189 pro-

175 1201 361 1266 latam,
397 1216 511 1253 cum
546 1215 707 1267 nuper
753 1201 894 1253 etiam
941 1203 1152 1257 Carus
1214 1208 1473 1272 amplexus
1514 1211 1614 1275 sit,
1666 1229 1771 1277 quo

173 1288 338 1347 minus
395 1289 592 1343 silentio
668 1303 1033 1356 praetereamus
1106 1305 1237 1346 vetat
1300 1296 1482 1356 horum
1540 1299 1764 1360 virorum

165 1377 432 1432 auctoritas
504 1379 635 1445 (e).
733 1381 811 1432 Ac
865 1380 1082 1446 primum
1146 1383 1343 1448 quidem
1412 1387 1531 1441 aliae
1598 1401 1764 1455 partes

166 1466 217 1518 in
287 1466 512 1533 piscibus
581 1468 797 1532 adsunt,
851 1469 950 1534 jam
1001 1469 1274 1536 descriptae
1321 1489 1348 1524 a
1391 1474 1579 1540 nobis,
1636 1493 1764 1541 quae

167 1555 340 1623 maiori
393 1556 504 1622 jure
570 1567 739 1620 costae
804 1556 1058 1607 dicuntur.
1133 1557 1231 1607 Sed
1275 1573 1471 1622 praeter
1510 1562 1607 1613 hoc
1666 1564 1758 1616 alia

168 1655 323 1709 sunt,
376 1659 532 1708 eaque
582 1643 737 1695 multa
789 1658 917 1707 quae
969 1654 1142 1697 contra
1196 1645 1595 1715 Duverneyi
1645 1666 1757 1703 sen-

164 1734 364 1786 tentiam
410 1732 638 1784 militant.
714 1732 788 1783 Ut
836 1731 964 1782 enim
1009 1732 1106 1783 hoc
1157 1745 1300 1799 utar,
1355 1737 1490 1792 nulla
1519 1738 1567 1789 in
1596 1740 1755 1793 classe

157 1835 410 1875 costarum
493 1819 817 1887 pectoralium
889 1834 1130 1874 numerus
1189 1834 1286 1876 tam
1348 1837 1584 1878 constans
1643 1841 1755 1895 est,

163 1925 313 1977 quam
374 1921 507 1962 esset
569 1907 620 1957 in
689 1906 946 1972 piscibus,
1002 1907 1045 1958 si
1098 1924 1266 1962 revera
1311 1928 1455 1966 arcus
1499 1914 1755 1971 branchia-

161 2015 269 2052 rum
331 2014 426 2064 pro
492 1996 647 2049 costis
694 1995 875 2047 habere
923 1996 1186 2049 vellemus.
1262 2000 1448 2065 Neque
1494 2004 1591 2056 hoc
1648 2019 1753 2060 tan-

156 2100 302 2158 tum,
353 2085 490 2151 quod
518 2082 723 2135 minoris
773 2093 886 2145 est,
913 2080 1026 2133 licet
1072 2083 1242 2136 forsan
1286 2103 1387 2138 non
1440 2093 1585 2155 plane
1638 2099 1750 2149 nul.

152 2176 250 2229 lius
305 2173 607 2228 auctoritatis
669 2183 1053 2239 argumentum,
1105 2176 1191 2225 sed
1234 2174 1356 2230 illud
1409 2179 1551 2231 etiam
1603 2187 1746 2239 nullo

151 2265 303 2317 modo
367 2263 617 2330 intelligo,
681 2278 809 2327 quae
874 2275 1006 2314 esset
1069 2263 1332 2330 singularis
1395 2266 1474 2320 illa
1525 2273 1741 2336 partium

146 2352 448 2420 dispositiO,
513 2363 563 2404 et
610 2350 826 2406 inaudita
893 2362 1043 2417 atque
1089 2369 1115 2404 a
1157 2365 1267 2406 toto
1323 2368 1527 2412 naturae
1566 2363 1740 2416 ordine

1688 2470 1742 2506 &C

152 2585 223 2626 Cf.
265 2582 454 2624 Tabulae
499 2582 816 2633 explicationem
853 2593 895 2623 et
938 2584 1069 2635 ipsum
1108 2596 1212 2634 opus
1252 2585 1463 2627 laudatum
1521 2620 1553 2639 ,‚
1587 2592 1732 2631 Philo.

152 2655 301 2699 sophie
355 2653 679 2704 Anatomique''
736 2663 777 2705 p.
819 2663 1043 2705 390⁶394.
1097 2654 1281 2697 Similem
1325 2656 1493 2707 liguram
1534 2658 1613 2708 jam
1655 2673 1729 2701 ex.

148 2725 285 2768 hibuit
341 2724 599 2774 Ingram,
643 2734 748 2772 pone
791 2722 1097 2773 disquisitiones
1139 2726 1536 2779 ilerissantii,
1579 2733 1629 2771 de
1657 2744 1736 2773 vo.

143 2807 191 2837 ce
242 2794 551 2845 quadrupedum
609 2802 650 2832 et
704 2792 863 2832 avium.
932 2794 1162 2834 Me'moioes
1216 2797 1266 2834 de
1320 2794 1497 2840 l’Acad.
1539 2802 1613 2840 des
1655 2803 1722 2844 Sc,

144 2875 257 2918 pour
296 2863 483 2906 t’anm‘e
535 2874 645 2914 1753.
690 2864 840 2904 Paris.
888 2872 1000 2914 1757.
1048 2873 1137 2914 atto.
1180 2874 1228 2915 p.
1267 2875 1359 2916 270.
1404 2879 1497 2920 sqq.
1539 2872 1612 2913 Pff.
1661 2885 1724 2913 12.

147 2936 247 2984 Fig.
303 2946 346 2977 2.
416 2932 827 2973 neris-santius
897 2944 998 2974 vero
1064 2934 1113 2973 de
1178 2933 1226 2975 iis
1277 2939 1582 2989 pleurealibas
1622 2941 1722 2982 nihil

143 3002 318 3042 addidit.

193 3075 292 3124 (ε)
320 3073 427 3114 Vide
469 3077 782 3126 Duverney
838 3077 963 3118 Μόνη.
1008 3077 1059 3116 de
1103 3075 1293 3118 J’Acad.
1344 3079 1394 3121 ΞΓεἰ
1441 3091 1475 3119 c·
1519 3086 1563 3130 p.
1608 3091 1717 3125 227,-

144 3147 350 3196 Caru5‚
394 3147 616 3186 Zoc‘itomie
663 3146 708 3186 S,
758 3155 857 3194 101,
891 3157 981 3186 102.
1016 3147 1035 3193 ς
1066 3146 1156 3194 164.

991 3215 1110 3267 Na
