<?xml version="1.0" encoding="UTF-8"?>
<!DOCTYPE html PUBLIC "-//W3C//DTD XHTML 1.0 Transitional//EN"
    "http://www.w3.org/TR/xhtml1/DTD/xhtml1-transitional.dtd">
<html xmlns="http://www.w3.org/1999/xhtml" xml:lang="en" lang="en">
 <head>
  <title>
</title>
<meta http-equiv="Content-Type" content="text/html;charset=utf-8" />
  <meta name='ocr-system' content='tesseract 3.04.00' />
  <meta name='ocr-capabilities' content='ocr_page ocr_carea ocr_par ocr_line ocrx_word'/>
</head>
<body>
  <div class='ocr_page' id='page_1' title='image "./dissertatiodesce00hoev_0067.png"; bbox 0 0 2266 3923; ppageno 0'>
   <div class='ocr_carea' id='block_1_1' title="bbox 590 257 1805 340">
    <p class='ocr_par' dir='ltr' id='par_1_1' title="bbox 590 257 1805 340">
     <span class='ocr_line' id='line_1_1' title="bbox 590 257 1805 340; baseline 0.002 -28"><span class='ocrx_word' id='word_1_1' title='bbox 590 275 664 312; x_wconf 73' lang='lat' dir='ltr'><strong>DE</strong></span> <span class='ocrx_word' id='word_1_2' title='bbox 739 257 1078 314; x_wconf 80' lang='lat' dir='ltr'><strong>SCELETO</strong></span> <span class='ocrx_word' id='word_1_3' title='bbox 1148 259 1459 340; x_wconf 72' lang='lat' dir='ltr'><strong>PISCIUM..</strong></span> <span class='ocrx_word' id='word_1_4' title='bbox 1740 283 1805 339; x_wconf 72' lang='lat'><strong>55</strong></span> 
     </span>
    </p>
   </div>
   <div class='ocr_carea' id='block_1_2' title="bbox 155 408 1799 2935">
    <p class='ocr_par' dir='ltr' id='par_1_2' title="bbox 199 408 1794 1008">
     <span class='ocr_line' id='line_1_2' title="bbox 211 408 1791 478; baseline 0.001 -11"><span class='ocrx_word' id='word_1_5' title='bbox 211 426 385 467; x_wconf 84' lang='lat' dir='ltr'><strong>verum</strong></span> <span class='ocrx_word' id='word_1_6' title='bbox 422 408 777 477; x_wconf 85' lang='lat' dir='ltr'>appendicibus</span> <span class='ocrx_word' id='word_1_7' title='bbox 809 411 870 464; x_wconf 90' lang='lat' dir='ltr'><strong>ad</strong></span> <span class='ocrx_word' id='word_1_8' title='bbox 897 423 1047 478; x_wconf 83' lang='lat' dir='ltr'><strong>caput</strong></span> <span class='ocrx_word' id='word_1_9' title='bbox 1080 411 1492 466; x_wconf 85' lang='lat' dir='ltr'><strong>adscendentibus</strong></span> <span class='ocrx_word' id='word_1_10' title='bbox 1525 429 1639 467; x_wconf 89' lang='lat' dir='ltr'><strong>cum</strong></span> <span class='ocrx_word' id='word_1_11' title='bbox 1672 436 1791 476; x_wconf 61' lang='lat' dir='ltr'><strong>aum</strong></span> 
     </span>
     <span class='ocr_line' id='line_1_3' title="bbox 208 497 1794 577; baseline 0.004 -25"><span class='ocrx_word' id='word_1_12' title='bbox 208 500 401 553; x_wconf 89' lang='lat' dir='ltr'><strong>interna</strong></span> <span class='ocrx_word' id='word_1_13' title='bbox 441 497 796 565; x_wconf 82' lang='lat' dir='ltr'><strong>conjungitur·</strong></span> <span class='ocrx_word' id='word_1_14' title='bbox 781 538 800 564; x_wconf 83' lang='lat'>‚</span> <span class='ocrx_word' id='word_1_15' title='bbox 849 497 901 550; x_wconf 93' lang='lat' dir='ltr'><strong>in</strong></span> <span class='ocrx_word' id='word_1_16' title='bbox 941 499 1112 570; x_wconf 84' lang='lat' dir='ltr'><strong>Sparo</strong></span> <span class='ocrx_word' id='word_1_17' title='bbox 1143 502 1295 571; x_wconf 61' lang='grc' dir='ltr'><em>σαίρω</em></span> <span class='ocrx_word' id='word_1_18' title='bbox 1337 513 1386 554; x_wconf 89' lang='lat' dir='ltr'><strong>et</strong></span> <span class='ocrx_word' id='word_1_19' title='bbox 1433 502 1600 571; x_wconf 82' lang='lat' dir='ltr'><strong>Sparo</strong></span> <span class='ocrx_word' id='word_1_20' title='bbox 1637 520 1794 577; x_wconf 62' lang='lat' dir='ltr'><strong>surgo,</strong></span> 
     </span>
     <span class='ocr_line' id='line_1_4' title="bbox 216 586 1792 656; baseline 0.003 -14"><span class='ocrx_word' id='word_1_21' title='bbox 216 588 376 642; x_wconf 89' lang='lat' dir='ltr'><strong>vesica</strong></span> <span class='ocrx_word' id='word_1_22' title='bbox 422 586 659 642; x_wconf 87' lang='lat' dir='ltr'><strong>natatoria</strong></span> <span class='ocrx_word' id='word_1_23' title='bbox 704 588 767 639; x_wconf 83' lang='lat' dir='ltr'><strong>ad</strong></span> <span class='ocrx_word' id='word_1_24' title='bbox 795 588 1049 641; x_wconf 84' lang='lat' dir='ltr'>cavitatem</span> <span class='ocrx_word' id='word_1_25' title='bbox 1099 590 1248 642; x_wconf 88' lang='lat' dir='ltr'><strong>cranii</strong></span> <span class='ocrx_word' id='word_1_26' title='bbox 1291 606 1456 656; x_wconf 89' lang='lat' dir='ltr'><strong>usque</strong></span> <span class='ocrx_word' id='word_1_27' title='bbox 1502 605 1792 656; x_wconf 86' lang='lat' dir='ltr'><strong>exporrecta</strong></span> 
     </span>
     <span class='ocr_line' id='line_1_5' title="bbox 209 675 1794 740; baseline 0.003 -12"><span class='ocrx_word' id='word_1_28' title='bbox 209 687 323 740; x_wconf 81' lang='lat' dir='ltr'><strong>est,</strong></span> <span class='ocrx_word' id='word_1_29' title='bbox 389 689 538 738; x_wconf 85' lang='lat' dir='ltr'><strong>quam</strong></span> <span class='ocrx_word' id='word_1_30' title='bbox 601 685 851 738; x_wconf 84' lang='lat' dir='ltr'><strong>tamquam</strong></span> <span class='ocrx_word' id='word_1_31' title='bbox 921 675 1224 728; x_wconf 86' lang='lat' dir='ltr'><strong>vestibulum</strong></span> <span class='ocrx_word' id='word_1_32' title='bbox 1285 690 1487 732; x_wconf 86' lang='lat' dir='ltr'><strong>osseum</strong></span> <span class='ocrx_word' id='word_1_33' title='bbox 1550 676 1631 729; x_wconf 90' lang='lat' dir='ltr'><strong>hic</strong></span> <span class='ocrx_word' id='word_1_34' title='bbox 1682 697 1794 737; x_wconf 78' lang='lat' dir='ltr'><strong>esse</strong></span> 
     </span>
     <span class='ocr_line' id='line_1_6' title="bbox 202 763 1791 838; baseline 0.002 -22"><span class='ocrx_word' id='word_1_35' title='bbox 202 763 613 821; x_wconf 88' lang='lat' dir='ltr'><strong>considerandum</strong></span> <span class='ocrx_word' id='word_1_36' title='bbox 655 778 807 831; x_wconf 88' lang='lat' dir='ltr'><strong>supra</strong></span> <span class='ocrx_word' id='word_1_37' title='bbox 851 763 1159 816; x_wconf 89' lang='lat' dir='ltr'><strong>monuimus.</strong></span> <span class='ocrx_word' id='word_1_38' title='bbox 1230 766 1288 816; x_wconf 87' lang='lat' dir='ltr'><strong>In</strong></span> <span class='ocrx_word' id='word_1_39' title='bbox 1333 765 1529 834; x_wconf 68' lang='lat' dir='ltr'><strong>Clupea</strong></span> <span class='ocrx_word' id='word_1_40' title='bbox 1557 769 1791 838; x_wconf 69' lang='lat' dir='ltr'><strong>harenga</strong></span> 
     </span>
     <span class='ocr_line' id='line_1_7' title="bbox 202 850 1790 920; baseline 0.004 -15"><span class='ocrx_word' id='word_1_41' title='bbox 202 851 367 905; x_wconf 87' lang='lat' dir='ltr'><strong>vesica</strong></span> <span class='ocrx_word' id='word_1_42' title='bbox 428 850 668 905; x_wconf 88' lang='lat' dir='ltr'><strong>natatoria</strong></span> <span class='ocrx_word' id='word_1_43' title='bbox 737 852 800 905; x_wconf 87' lang='lat' dir='ltr'><strong>ad</strong></span> <span class='ocrx_word' id='word_1_44' title='bbox 857 851 1162 907; x_wconf 88' lang='lat' dir='ltr'><strong>vestibulum</strong></span> <span class='ocrx_word' id='word_1_45' title='bbox 1223 852 1647 909; x_wconf 83' lang='lat' dir='ltr'><strong>membranaceum</strong></span> <span class='ocrx_word' id='word_1_46' title='bbox 1709 876 1790 920; x_wconf 74' lang='lat' dir='ltr'><strong>ex-</strong></span> 
     </span>
     <span class='ocr_line' id='line_1_8' title="bbox 199 937 667 1008; baseline 0 -16"><span class='ocrx_word' id='word_1_47' title='bbox 199 937 475 1008; x_wconf 80' lang='lat' dir='ltr'>porrigitur</span> <span class='ocrx_word' id='word_1_48' title='bbox 519 939 598 1005; x_wconf 83' lang='lat' dir='ltr'><strong>(z</strong></span> <span class='ocrx_word' id='word_1_49' title='bbox 624 939 667 1002; x_wconf 91' lang='lat'><strong>).</strong></span> 
     </span>
    </p>

    <p class='ocr_par' dir='ltr' id='par_1_3' title="bbox 155 1024 1799 2777">
     <span class='ocr_line' id='line_1_9' title="bbox 272 1024 1792 1101; baseline 0.005 -21"><span class='ocrx_word' id='word_1_50' title='bbox 272 1026 445 1081; x_wconf 84' lang='lat' dir='ltr'><strong>Tertia</strong></span> <span class='ocrx_word' id='word_1_51' title='bbox 487 1026 704 1093; x_wconf 79' lang='lat' dir='ltr'><strong>denique</strong></span> <span class='ocrx_word' id='word_1_52' title='bbox 750 1024 960 1092; x_wconf 81' lang='lat' dir='ltr'><strong>piscium</strong></span> <span class='ocrx_word' id='word_1_53' title='bbox 1004 1024 1177 1079; x_wconf 88' lang='lat' dir='ltr'><strong>classis</strong></span> <span class='ocrx_word' id='word_1_54' title='bbox 1195 1065 1214 1091; x_wconf 79' lang='grc'><strong>,</strong></span> <span class='ocrx_word' id='word_1_55' title='bbox 1264 1027 1428 1080; x_wconf 83' lang='lat' dir='ltr'><strong>habita</strong></span> <span class='ocrx_word' id='word_1_56' title='bbox 1456 1030 1517 1082; x_wconf 85' lang='lat' dir='ltr'><strong>ad</strong></span> <span class='ocrx_word' id='word_1_57' title='bbox 1566 1045 1792 1101; x_wconf 83' lang='lat' dir='ltr'><strong>organon</strong></span> 
     </span>
     <span class='ocr_line' id='line_1_10' title="bbox 204 1113 1793 1185; baseline 0.004 -16"><span class='ocrx_word' id='word_1_58' title='bbox 204 1115 406 1179; x_wconf 73' lang='lat' dir='ltr'><strong>auditus</strong></span> <span class='ocrx_word' id='word_1_59' title='bbox 434 1115 622 1175; x_wconf 82' lang='lat' dir='ltr'><strong>ratione</strong></span> <span class='ocrx_word' id='word_1_60' title='bbox 640 1153 659 1180; x_wconf 81' lang='lat'>‚</span> <span class='ocrx_word' id='word_1_61' title='bbox 697 1129 876 1180; x_wconf 85' lang='lat' dir='ltr'><strong>genera</strong></span> <span class='ocrx_word' id='word_1_62' title='bbox 911 1113 1181 1179; x_wconf 70' lang='lat' dir='ltr'><strong>Rasarum</strong></span> <span class='ocrx_word' id='word_1_63' title='bbox 1222 1128 1270 1166; x_wconf 92' lang='lat' dir='ltr'><strong>et</strong></span> <span class='ocrx_word' id='word_1_64' title='bbox 1301 1118 1533 1185; x_wconf 74' lang='lat' dir='ltr'><strong>Squalor</strong></span> <span class='ocrx_word' id='word_1_65' title='bbox 1535 1139 1620 1172; x_wconf 76' lang='lat' dir='ltr'><strong>um</strong></span> <span class='ocrx_word' id='word_1_66' title='bbox 1655 1138 1793 1176; x_wconf 74' lang='lat' dir='ltr'><strong>com-</strong></span> 
     </span>
     <span class='ocr_line' id='line_1_11' title="bbox 197 1200 1793 1270; baseline 0.004 -14"><span class='ocrx_word' id='word_1_67' title='bbox 197 1205 450 1270; x_wconf 85' lang='lat' dir='ltr'><strong>plectitur.</strong></span> <span class='ocrx_word' id='word_1_68' title='bbox 538 1203 598 1254; x_wconf 84' lang='lat' dir='ltr'><strong>In</strong></span> <span class='ocrx_word' id='word_1_69' title='bbox 653 1200 733 1254; x_wconf 81' lang='lat' dir='ltr'><strong>his</strong></span> <span class='ocrx_word' id='word_1_70' title='bbox 790 1215 974 1267; x_wconf 84' lang='lat' dir='ltr'><strong>organa</strong></span> <span class='ocrx_word' id='word_1_71' title='bbox 1019 1201 1215 1254; x_wconf 86' lang='lat' dir='ltr'><strong>anditus</strong></span> <span class='ocrx_word' id='word_1_72' title='bbox 1236 1241 1255 1265; x_wconf 82' lang='lat'><strong>.,</strong></span> <span class='ocrx_word' id='word_1_73' title='bbox 1309 1219 1336 1257; x_wconf 79' lang='lat' dir='ltr'><strong>a</strong></span> <span class='ocrx_word' id='word_1_74' title='bbox 1388 1207 1540 1269; x_wconf 87' lang='lat' dir='ltr'><strong>cranii</strong></span> <span class='ocrx_word' id='word_1_75' title='bbox 1582 1209 1793 1262; x_wconf 85' lang='lat' dir='ltr'><strong>cavitate-</strong></span> 
     </span>
     <span class='ocr_line' id='line_1_12' title="bbox 196 1287 1786 1356; baseline 0.004 -12"><span class='ocrx_word' id='word_1_76' title='bbox 196 1302 422 1356; x_wconf 84' lang='lat' dir='ltr'><strong>remota,</strong></span> <span class='ocrx_word' id='word_1_77' title='bbox 491 1288 742 1350; x_wconf 81' lang='lat' dir='ltr'><strong>vestibulo</strong></span> <span class='ocrx_word' id='word_1_78' title='bbox 794 1287 1112 1355; x_wconf 87' lang='lat' dir='ltr'><strong>cartilagineo</strong></span> <span class='ocrx_word' id='word_1_79' title='bbox 1160 1303 1389 1355; x_wconf 85' lang='lat' dir='ltr'><strong>separato</strong></span> <span class='ocrx_word' id='word_1_80' title='bbox 1442 1292 1786 1354; x_wconf 85' lang='lat' dir='ltr'><strong>includuntur.</strong></span> 
     </span>
     <span class='ocr_line' id='line_1_13' title="bbox 200 1376 1796 1452; baseline 0.004 -20"><span class='ocrx_word' id='word_1_81' title='bbox 200 1379 260 1432; x_wconf 88' lang='lat' dir='ltr'><strong>In</strong></span> <span class='ocrx_word' id='word_1_82' title='bbox 307 1389 524 1443; x_wconf 84' lang='lat' dir='ltr'><strong>utroque</strong></span> <span class='ocrx_word' id='word_1_83' title='bbox 572 1377 721 1440; x_wconf 87' lang='lat' dir='ltr'><strong>latere</strong></span> <span class='ocrx_word' id='word_1_84' title='bbox 759 1376 912 1443; x_wconf 87' lang='lat' dir='ltr'><strong>partis</strong></span> <span class='ocrx_word' id='word_1_85' title='bbox 961 1377 1253 1443; x_wconf 85' lang='lat' dir='ltr'><strong>posterioris</strong></span> <span class='ocrx_word' id='word_1_86' title='bbox 1300 1380 1449 1442; x_wconf 87' lang='lat' dir='ltr'><strong>cranii</strong></span> <span class='ocrx_word' id='word_1_87' title='bbox 1495 1383 1796 1452; x_wconf 80' lang='lat' dir='ltr'><strong>cartilaginei</strong></span> 
     </span>
     <span class='ocr_line' id='line_1_14' title="bbox 202 1460 1797 1533; baseline 0.006 -16"><span class='ocrx_word' id='word_1_88' title='bbox 202 1460 577 1533; x_wconf 82' lang='lat' dir='ltr'><strong>protuberantia</strong></span> <span class='ocrx_word' id='word_1_89' title='bbox 614 1477 726 1529; x_wconf 80' lang='lat' dir='ltr'><strong>est,</strong></span> <span class='ocrx_word' id='word_1_90' title='bbox 779 1464 950 1532; x_wconf 81' lang='lat' dir='ltr'><strong>organi</strong></span> <span class='ocrx_word' id='word_1_91' title='bbox 995 1464 1192 1530; x_wconf 78' lang='lat' dir='ltr'><strong>auditus</strong></span> <span class='ocrx_word' id='word_1_92' title='bbox 1214 1510 1217 1516; x_wconf 94' lang='lat'><em>.</em></span> <span class='ocrx_word' id='word_1_93' title='bbox 1238 1468 1402 1520; x_wconf 73' lang='lat' dir='ltr'><strong>sedes,</strong></span> <span class='ocrx_word' id='word_1_94' title='bbox 1476 1470 1687 1529; x_wconf 81' lang='lat' dir='ltr'><strong>Canales</strong></span> <span class='ocrx_word' id='word_1_95' title='bbox 1720 1489 1797 1526; x_wconf 91' lang='lat' dir='ltr'><strong>se-</strong></span> 
     </span>
     <span class='ocr_line' id='line_1_15' title="bbox 207 1552 1798 1624; baseline 0.004 -19"><span class='ocrx_word' id='word_1_96' title='bbox 207 1552 538 1605; x_wconf 87' lang='lat' dir='ltr'><strong>micirculares</strong></span> <span class='ocrx_word' id='word_1_97' title='bbox 568 1554 762 1624; x_wconf 73' lang='lat' dir='ltr'><em>chtali</em></span> <span class='ocrx_word' id='word_1_98' title='bbox 798 1555 1114 1606; x_wconf 75' lang='lat' dir='ltr'><strong>carchariae</strong></span> <span class='ocrx_word' id='word_1_99' title='bbox 1163 1554 1628 1623; x_wconf 78' lang='lat' dir='ltr'><strong>semicirculorum,</strong></span> <span class='ocrx_word' id='word_1_100' title='bbox 1678 1560 1798 1612; x_wconf 83' lang='lat' dir='ltr'><strong>Ra-</strong></span> 
     </span>
     <span class='ocr_line' id='line_1_16' title="bbox 192 1637 1797 1714; baseline 0.006 -23"><span class='ocrx_word' id='word_1_101' title='bbox 192 1639 380 1707; x_wconf 82' lang='lat' dir='ltr'><strong>jarum</strong></span> <span class='ocrx_word' id='word_1_102' title='bbox 424 1637 724 1690; x_wconf 78' lang='lat' dir='ltr'><strong>circulorum</strong></span> <span class='ocrx_word' id='word_1_103' title='bbox 761 1637 972 1691; x_wconf 85' lang='lat' dir='ltr'><strong>sormam</strong></span> <span class='ocrx_word' id='word_1_104' title='bbox 1021 1638 1224 1693; x_wconf 89' lang='lat' dir='ltr'><strong>habent.</strong></span> <span class='ocrx_word' id='word_1_105' title='bbox 1300 1642 1449 1696; x_wconf 84' lang='lat' dir='ltr'><strong>Nova</strong></span> <span class='ocrx_word' id='word_1_106' title='bbox 1498 1660 1616 1698; x_wconf 90' lang='lat' dir='ltr'><strong>vero</strong></span> <span class='ocrx_word' id='word_1_107' title='bbox 1638 1686 1656 1712; x_wconf 82' lang='lat'>‚</span> <span class='ocrx_word' id='word_1_108' title='bbox 1695 1664 1797 1714; x_wconf 83' lang='lat' dir='ltr'><strong>qua</strong></span> 
     </span>
     <span class='ocr_line' id='line_1_17' title="bbox 205 1726 1799 1804; baseline 0.008 -26"><span class='ocrx_word' id='word_1_109' title='bbox 205 1728 291 1779; x_wconf 89' lang='lat' dir='ltr'><strong>hac</strong></span> <span class='ocrx_word' id='word_1_110' title='bbox 333 1726 383 1777; x_wconf 90' lang='lat' dir='ltr'><strong>in</strong></span> <span class='ocrx_word' id='word_1_111' title='bbox 431 1737 569 1791; x_wconf 89' lang='lat' dir='ltr'><strong>parte</strong></span> <span class='ocrx_word' id='word_1_112' title='bbox 605 1727 938 1781; x_wconf 87' lang='lat' dir='ltr'><strong>Weberus</strong></span> <span class='ocrx_word' id='word_1_113' title='bbox 983 1729 1305 1783; x_wconf 83' lang='lat' dir='ltr'><strong>anatomicam</strong></span> <span class='ocrx_word' id='word_1_114' title='bbox 1355 1731 1636 1785; x_wconf 72' lang='lat' dir='ltr'><strong>Rasarum.</strong></span> <span class='ocrx_word' id='word_1_115' title='bbox 1673 1751 1799 1804; x_wconf 82' lang='lat' dir='ltr'><strong>cog-.</strong></span> 
     </span>
     <span class='ocr_line' id='line_1_18' title="bbox 203 1813 1791 1887; baseline 0.008 -23"><span class='ocrx_word' id='word_1_116' title='bbox 203 1813 437 1881; x_wconf 75' lang='lat' dir='ltr'><strong>nitionem¹</strong></span> <span class='ocrx_word' id='word_1_117' title='bbox 469 1813 642 1880; x_wconf 78' lang='lat' dir='ltr'><strong>auxit,</strong></span> <span class='ocrx_word' id='word_1_118' title='bbox 664 1815 981 1881; x_wconf 80' lang='lat' dir='ltr'><strong>observatio,</strong></span> <span class='ocrx_word' id='word_1_119' title='bbox 1020 1818 1140 1869; x_wconf 88' lang='lat' dir='ltr'><strong>haec</strong></span> <span class='ocrx_word' id='word_1_120' title='bbox 1173 1819 1463 1885; x_wconf 86' lang='lat' dir='ltr'><strong>praesertim</strong></span> <span class='ocrx_word' id='word_1_121' title='bbox 1497 1833 1608 1885; x_wconf 82' lang='lat' dir='ltr'><strong>est,</strong></span> <span class='ocrx_word' id='word_1_122' title='bbox 1648 1825 1791 1887; x_wconf 88' lang='lat' dir='ltr'><strong>quod</strong></span> 
     </span>
     <span class='ocr_line' id='line_1_19' title="bbox 197 1901 1797 1977; baseline 0.008 -23"><span class='ocrx_word' id='word_1_123' title='bbox 197 1901 326 1964; x_wconf 78' lang='lat' dir='ltr'><strong>auris</strong></span> <span class='ocrx_word' id='word_1_124' title='bbox 388 1919 555 1956; x_wconf 90' lang='lat' dir='ltr'><strong>earum</strong></span> <span class='ocrx_word' id='word_1_125' title='bbox 618 1920 721 1957; x_wconf 91' lang='lat' dir='ltr'><strong>non</strong></span> <span class='ocrx_word' id='word_1_126' title='bbox 784 1906 932 1958; x_wconf 85' lang='lat' dir='ltr'><strong>unico</strong></span> <span class='ocrx_word' id='word_1_127' title='bbox 991 1907 1127 1959; x_wconf 85' lang='lat' dir='ltr'><strong>aditu</strong></span> <span class='ocrx_word' id='word_1_128' title='bbox 1186 1923 1389 1962; x_wconf 83' lang='lat' dir='ltr'><strong>externo</strong></span> <span class='ocrx_word' id='word_1_129' title='bbox 1450 1911 1540 1962; x_wconf 88' lang='lat' dir='ltr'><strong>sed</strong></span> <span class='ocrx_word' id='word_1_130' title='bbox 1588 1912 1797 1977; x_wconf 23' lang='lat' dir='ltr'><strong>duobus*</strong></span> 
     </span>
     <span class='ocr_line' id='line_1_20' title="bbox 199 1989 1787 2069; baseline 0.009 -28"><span class='ocrx_word' id='word_1_131' title='bbox 199 1989 413 2056; x_wconf 86' lang='lat' dir='ltr'><strong>praedita</strong></span> <span class='ocrx_word' id='word_1_132' title='bbox 464 1990 528 2042; x_wconf 91' lang='lat' dir='ltr'><strong>sit</strong></span> <span class='ocrx_word' id='word_1_133' title='bbox 626 2029 657 2056; x_wconf 81' lang='lat'>„</span> <span class='ocrx_word' id='word_1_134' title='bbox 696 1993 892 2044; x_wconf 79' lang='lat' dir='ltr'><strong>Praetel</strong></span> <span class='ocrx_word' id='word_1_135' title='bbox 940 1991 1207 2045; x_wconf 82' lang='lat' dir='ltr'><strong>fenestram</strong></span> <span class='ocrx_word' id='word_1_136' title='bbox 1261 1997 1495 2050; x_wconf 87' lang='lat' dir='ltr'><strong>vestibuli</strong></span> <span class='ocrx_word' id='word_1_137' title='bbox 1545 2017 1641 2052; x_wconf 79' lang='lat' dir='ltr'><strong>cir</strong></span> <span class='ocrx_word' id='word_1_138' title='bbox 1650 2002 1787 2069; x_wconf 75' lang='lat'>11:101-</span> 
     </span>
     <span class='ocr_line' id='line_1_21' title="bbox 197 2077 1788 2156; baseline 0.009 -26"><span class='ocrx_word' id='word_1_139' title='bbox 197 2077 280 2130; x_wconf 91' lang='lat' dir='ltr'><strong>nei</strong></span> <span class='ocrx_word' id='word_1_140' title='bbox 322 2078 608 2132; x_wconf 80' lang='lat' dir='ltr'><strong>membrana</strong></span> <span class='ocrx_word' id='word_1_141' title='bbox 647 2082 901 2144; x_wconf 77' lang='lat' dir='ltr'><strong>clausam,</strong></span> <span class='ocrx_word' id='word_1_142' title='bbox 949 2081 1000 2132; x_wconf 93' lang='lat' dir='ltr'><strong>in</strong></span> <span class='ocrx_word' id='word_1_143' title='bbox 1039 2082 1251 2147; x_wconf 80' lang='lat' dir='ltr'><strong>occipite</strong></span> <span class='ocrx_word' id='word_1_144' title='bbox 1283 2084 1426 2136; x_wconf 87' lang='lat' dir='ltr'><strong>sitam</strong></span> <span class='ocrx_word' id='word_1_145' title='bbox 1465 2102 1491 2138; x_wconf 89' lang='lat' dir='ltr'><strong>a</strong></span> <span class='ocrx_word' id='word_1_146' title='bbox 1540 2088 1788 2156; x_wconf 82' lang='lat' dir='ltr'><strong>Scarpa</strong></span> 
     </span>
     <span class='ocr_line' id='line_1_22' title="bbox 199 2164 1790 2240; baseline 0.008 -22"><span class='ocrx_word' id='word_1_147' title='bbox 199 2177 250 2218; x_wconf 89' lang='lat' dir='ltr'><strong>et</strong></span> <span class='ocrx_word' id='word_1_148' title='bbox 306 2164 633 2219; x_wconf 88' lang='lat' dir='ltr'><strong>Cuvierio</strong></span> <span class='ocrx_word' id='word_1_149' title='bbox 686 2166 979 2233; x_wconf 83' lang='lat' dir='ltr'><strong>descriptam</strong></span> <span class='ocrx_word' id='word_1_150' title='bbox 1005 2207 1024 2232; x_wconf 79' lang='lat'>‚</span> <span class='ocrx_word' id='word_1_151' title='bbox 1083 2167 1302 2222; x_wconf 86' lang='lat' dir='ltr'><strong>fenestra</strong></span> <span class='ocrx_word' id='word_1_152' title='bbox 1354 2172 1587 2227; x_wconf 88' lang='lat' dir='ltr'><strong>vestibuli</strong></span> <span class='ocrx_word' id='word_1_153' title='bbox 1636 2193 1790 2240; x_wconf 54' lang='grc' dir='ltr'><strong>ΠῑεῐιμΙ</strong></span> 
     </span>
     <span class='ocr_line' id='line_1_23' title="bbox 195 2254 1792 2331; baseline 0.009 -24"><span class='ocrx_word' id='word_1_154' title='bbox 195 2254 419 2317; x_wconf 81' lang='lat' dir='ltr'><strong>branacei</strong></span> <span class='ocrx_word' id='word_1_155' title='bbox 471 2255 613 2322; x_wconf 85' lang='lat' dir='ltr'><strong>juxta</strong></span> <span class='ocrx_word' id='word_1_156' title='bbox 669 2254 800 2307; x_wconf 84' lang='lat' dir='ltr'><strong>illam</strong></span> <span class='ocrx_word' id='word_1_157' title='bbox 848 2255 1011 2321; x_wconf 90' lang='lat' dir='ltr'><strong>posita</strong></span> <span class='ocrx_word' id='word_1_158' title='bbox 1053 2255 1322 2310; x_wconf 87' lang='lat' dir='ltr'><strong>invenitur.</strong></span> <span class='ocrx_word' id='word_1_159' title='bbox 1396 2260 1632 2319; x_wconf 86' lang='lat' dir='ltr'><strong>Fenestra</strong></span> <span class='ocrx_word' id='word_1_160' title='bbox 1674 2283 1792 2331; x_wconf 77' lang='lat' dir='ltr'><strong>ves-‚</strong></span> 
     </span>
     <span class='ocr_line' id='line_1_24' title="bbox 193 2342 1788 2410; baseline 0.006 -11"><span class='ocrx_word' id='word_1_161' title='bbox 193 2343 339 2400; x_wconf 86' lang='lat' dir='ltr'><strong>tibuli</strong></span> <span class='ocrx_word' id='word_1_162' title='bbox 382 2343 740 2396; x_wconf 86' lang='lat' dir='ltr'><strong>membranacei</strong></span> <span class='ocrx_word' id='word_1_163' title='bbox 782 2342 1026 2396; x_wconf 83' lang='lat' dir='ltr'><strong>fenestrae</strong></span> <span class='ocrx_word' id='word_1_164' title='bbox 1056 2345 1184 2397; x_wconf 88' lang='lat' dir='ltr'><strong>ovali</strong></span> <span class='ocrx_word' id='word_1_165' title='bbox 1210 2386 1228 2410; x_wconf 82' lang='lat'>‚</span> <span class='ocrx_word' id='word_1_166' title='bbox 1284 2345 1500 2403; x_wconf 85' lang='lat' dir='ltr'><strong>fenestra</strong></span> <span class='ocrx_word' id='word_1_167' title='bbox 1550 2353 1788 2409; x_wconf 83' lang='lat' dir='ltr'><strong>vestibuli</strong></span> 
     </span>
     <span class='ocr_line' id='line_1_25' title="bbox 190 2433 1783 2507; baseline 0.006 -19"><span class='ocrx_word' id='word_1_168' title='bbox 190 2434 491 2501; x_wconf 84' lang='lat' dir='ltr'><strong>cartilaginei</strong></span> <span class='ocrx_word' id='word_1_169' title='bbox 552 2433 797 2487; x_wconf 83' lang='lat' dir='ltr'><strong>fenestrae</strong></span> <span class='ocrx_word' id='word_1_170' title='bbox 862 2436 1105 2487; x_wconf 86' lang='lat' dir='ltr'><strong>rotundae</strong></span> <span class='ocrx_word' id='word_1_171' title='bbox 1170 2436 1387 2490; x_wconf 86' lang='lat' dir='ltr'><strong>hominis</strong></span> <span class='ocrx_word' id='word_1_172' title='bbox 1449 2443 1783 2507; x_wconf 78' lang='lat' dir='ltr'><strong>comparanda</strong></span> 
     </span>
     <span class='ocr_line' id='line_1_26' title="bbox 155 2522 1791 2595; baseline 0.004 -19"><span class='ocrx_word' id='word_1_173' title='bbox 155 2537 288 2595; x_wconf 80' lang='lat' dir='ltr'><strong>est.</strong></span> <span class='ocrx_word' id='word_1_174' title='bbox 362 2522 589 2576; x_wconf 87' lang='lat' dir='ltr'><strong>Fenestra</strong></span> <span class='ocrx_word' id='word_1_175' title='bbox 631 2522 865 2576; x_wconf 87' lang='lat' dir='ltr'><strong>vestibuli</strong></span> <span class='ocrx_word' id='word_1_176' title='bbox 910 2523 1209 2591; x_wconf 82' lang='lat' dir='ltr'><strong>cartilaginei</strong></span> <span class='ocrx_word' id='word_1_177' title='bbox 1259 2525 1310 2578; x_wconf 85' lang='lat' dir='ltr'><strong>in</strong></span> <span class='ocrx_word' id='word_1_178' title='bbox 1356 2528 1614 2581; x_wconf 87' lang='lat' dir='ltr'><strong>cavitatem</strong></span> <span class='ocrx_word' id='word_1_179' title='bbox 1669 2547 1791 2589; x_wconf 25' lang='lat' dir='ltr'><strong>ves--</strong></span> 
     </span>
     <span class='ocr_line' id='line_1_27' title="bbox 190 2611 1789 2693; baseline 0.004 -27"><span class='ocrx_word' id='word_1_180' title='bbox 190 2611 334 2666; x_wconf 86' lang='lat' dir='ltr'><strong>tibuli</strong></span> <span class='ocrx_word' id='word_1_181' title='bbox 381 2612 717 2679; x_wconf 77' lang='lat' dir='ltr'><strong>cartilaginei‚</strong></span> <span class='ocrx_word' id='word_1_182' title='bbox 780 2611 998 2665; x_wconf 87' lang='lat' dir='ltr'><strong>fenestra</strong></span> <span class='ocrx_word' id='word_1_183' title='bbox 1044 2615 1279 2670; x_wconf 88' lang='lat' dir='ltr'><strong>vestibuli</strong></span> <span class='ocrx_word' id='word_1_184' title='bbox 1326 2619 1684 2672; x_wconf 87' lang='lat' dir='ltr'><strong>membranacei</strong></span> <span class='ocrx_word' id='word_1_185' title='bbox 1731 2621 1789 2693; x_wconf 58' lang='lat' dir='ltr'><strong>int</strong></span> 
     </span>
     <span class='ocr_line' id='line_1_28' title="bbox 184 2701 1704 2777; baseline 0.001 -21"><span class='ocrx_word' id='word_1_186' title='bbox 184 2701 420 2756; x_wconf 84' lang='lat' dir='ltr'><strong>vestibuli</strong></span> <span class='ocrx_word' id='word_1_187' title='bbox 463 2702 818 2777; x_wconf 77' lang='lat' dir='ltr'><strong>membranacei</strong></span> <span class='ocrx_word' id='word_1_188' title='bbox 864 2719 1042 2754; x_wconf 86' lang='lat' dir='ltr'><strong>cavum</strong></span> <span class='ocrx_word' id='word_1_189' title='bbox 1087 2704 1273 2757; x_wconf 84' lang='lat' dir='ltr'><strong>aditum</strong></span> <span class='ocrx_word' id='word_1_190' title='bbox 1326 2708 1511 2772; x_wconf 84' lang='lat' dir='ltr'><strong>parat&#39;’</strong></span> <span class='ocrx_word' id='word_1_191' title='bbox 1557 2709 1704 2774; x_wconf 76' lang='lat' dir='ltr'><strong>(a).</strong></span> 
     </span>
    </p>

    <p class='ocr_par' dir='ltr' id='par_1_4' title="bbox 182 2790 1788 2935">
     <span class='ocr_line' id='line_1_29' title="bbox 256 2790 1788 2862; baseline 0.005 -19"><span class='ocrx_word' id='word_1_192' title='bbox 256 2791 395 2843; x_wconf 86' lang='lat' dir='ltr'><strong>Haec</strong></span> <span class='ocrx_word' id='word_1_193' title='bbox 449 2790 649 2857; x_wconf 88' lang='lat' dir='ltr'><strong>quidem</strong></span> <span class='ocrx_word' id='word_1_194' title='bbox 702 2792 763 2842; x_wconf 87' lang='lat' dir='ltr'><strong>de</strong></span> <span class='ocrx_word' id='word_1_195' title='bbox 817 2790 1015 2844; x_wconf 84' lang='lat' dir='ltr'><strong>auditus</strong></span> <span class='ocrx_word' id='word_1_196' title='bbox 1067 2809 1256 2860; x_wconf 81' lang='lat' dir='ltr'><strong>organo</strong></span> <span class='ocrx_word' id='word_1_197' title='bbox 1299 2795 1349 2846; x_wconf 90' lang='lat' dir='ltr'><strong>in</strong></span> <span class='ocrx_word' id='word_1_198' title='bbox 1399 2796 1623 2862; x_wconf 86' lang='lat' dir='ltr'><strong>piscibus</strong></span> <span class='ocrx_word' id='word_1_199' title='bbox 1676 2797 1788 2856; x_wconf 70' lang='lat' dir='ltr'><strong>die·,</strong></span> 
     </span>
     <span class='ocr_line' id='line_1_30' title="bbox 182 2891 451 2935; baseline 0.004 -2"><span class='ocrx_word' id='word_1_200' title='bbox 182 2892 232 2933; x_wconf 90' lang='lat' dir='ltr'><strong>ta</strong></span> <span class='ocrx_word' id='word_1_201' title='bbox 277 2891 451 2935; x_wconf 84' lang='lat' dir='ltr'><strong>sunto.</strong></span> 
     </span>
    </p>
   </div>
   <div class='ocr_carea' id='block_1_3' title="bbox 243 2998 1440 3124">
    <p class='ocr_par' dir='ltr' id='par_1_5' title="bbox 243 2998 1440 3124">
     <span class='ocr_line' id='line_1_31' title="bbox 245 2998 1072 3052; baseline 0 -13"><span class='ocrx_word' id='word_1_202' title='bbox 245 2998 357 3052; x_wconf 81' lang='lat' dir='ltr'><strong>(z)</strong></span> <span class='ocrx_word' id='word_1_203' title='bbox 396 2999 512 3039; x_wconf 86' lang='lat' dir='ltr'><strong>Idem</strong></span> <span class='ocrx_word' id='word_1_204' title='bbox 558 2998 617 3040; x_wconf 90' lang='lat' dir='ltr'><strong>ib.</strong></span> <span class='ocrx_word' id='word_1_205' title='bbox 664 3009 706 3051; x_wconf 84' lang='lat' dir='ltr'><strong>p.</strong></span> <span class='ocrx_word' id='word_1_206' title='bbox 736 2998 806 3049; x_wconf 84' lang='lat'><strong>69.</strong></span> <span class='ocrx_word' id='word_1_207' title='bbox 845 3008 886 3039; x_wconf 83' lang='lat' dir='ltr'><strong>et</strong></span> <span class='ocrx_word' id='word_1_208' title='bbox 924 3009 970 3050; x_wconf 79' lang='lat' dir='ltr'><strong>p.</strong></span> <span class='ocrx_word' id='word_1_209' title='bbox 1005 3010 1072 3050; x_wconf 78' lang='lat'><strong>73.</strong></span> 
     </span>
     <span class='ocr_line' id='line_1_32' title="bbox 243 3070 1440 3124; baseline 0.003 -14"><span class='ocrx_word' id='word_1_210' title='bbox 243 3070 350 3123; x_wconf 85' lang='lat' dir='ltr'><strong>(a)</strong></span> <span class='ocrx_word' id='word_1_211' title='bbox 388 3070 496 3111; x_wconf 83' lang='lat' dir='ltr'><strong>ldem</strong></span> <span class='ocrx_word' id='word_1_212' title='bbox 537 3071 640 3111; x_wconf 76' lang='lat' dir='ltr'><strong>ibid.</strong></span> <span class='ocrx_word' id='word_1_213' title='bbox 681 3081 726 3123; x_wconf 86' lang='lat' dir='ltr'><strong>p.</strong></span> <span class='ocrx_word' id='word_1_214' title='bbox 773 3081 872 3119; x_wconf 81' lang='lat'>132,</span> <span class='ocrx_word' id='word_1_215' title='bbox 919 3082 1008 3120; x_wconf 77' lang='lat'><strong>¹35·</strong></span> <span class='ocrx_word' id='word_1_216' title='bbox 1069 3071 1138 3111; x_wconf 87' lang='lat' dir='ltr'><strong>Cf.</strong></span> <span class='ocrx_word' id='word_1_217' title='bbox 1180 3081 1227 3124; x_wconf 82' lang='lat' dir='ltr'><strong>p.</strong></span> <span class='ocrx_word' id='word_1_218' title='bbox 1270 3073 1440 3124; x_wconf 77' lang='lat'><strong>92-96,</strong></span> 
     </span>
    </p>
   </div>
   <div class='ocr_carea' id='block_1_4' title="bbox 1646 3235 1781 3288">
    <p class='ocr_par' dir='ltr' id='par_1_6' title="bbox 1646 3235 1781 3288">
     <span class='ocr_line' id='line_1_33' title="bbox 1646 3235 1781 3288; baseline 0 0"><span class='ocrx_word' id='word_1_219' title='bbox 1646 3235 1781 3288; x_wconf 86' lang='lat' dir='ltr'><strong>CA-</strong></span> 
     </span>
    </p>
   </div>
  </div>
 </body>
</html>
