2266 3923
456 155 551 206 104
831 133 1668 192 DISSERTATIO

460 291 752 360 embryonis
817 305 980 356 nuper
1038 286 1239 339 formati
1300 287 1470 340 cranio
1528 285 1803 354 analogiam
1856 285 2056 354 obfert3

465 385 521 438 in
572 384 680 438 aliis
723 398 784 434 ex
829 379 1002 433 multis
1048 376 1250 430 ossibus
1272 415 1292 443 ,
1349 393 1464 431 cum
1511 374 1860 430 ossificationis
1908 391 2067 441 punc-

470 474 535 527 tis
572 473 624 524 in
671 470 815 523 foetu
856 469 1079 522 humano
1126 465 1493 533 comparandis.
1566 466 1625 518 In
1668 464 1963 519 universum
2010 465 2063 517 in

469 560 696 629 piscibus
743 557 908 609 minor
953 554 1256 609 foraminum
1307 553 1460 606 cranii
1502 567 1745 608 numerus
1782 571 1893 607 esse
1929 554 2074 607 vide—

467 664 589 716 tur,
644 664 794 715 quam
839 645 891 698 in
932 646 1137 712 reliquis
1180 644 1494 698 animalibus.
1566 644 1814 699 Immobili
1858 644 1963 698 fere
1987 662 2062 697 ra-

470 739 609 792 tione
661 737 885 790 cranium
947 750 1064 788 cum
1109 734 1252 798 spina
1298 733 1435 783 dorsi
1482 730 1751 797 cohaeret,
1806 746 1856 786 et
1893 736 2065 801 spinae

472 827 723 882 mobilitas
783 843 811 878 a
873 823 1033 887 capite
1091 820 1153 872 ad
1206 820 1412 872 caudam
1467 820 1636 887 augeri
1685 837 1882 890 semper
1932 825 2075 878 vide-

473 930 580 971 tur.
653 918 783 969 Sunt
823 926 977 978 porro
1016 909 1069 960 in
1115 908 1193 961 his
1251 909 1546 963 animalibus
1581 913 1911 966 extremitates
1936 925 2075 966 ante·

468 1006 627 1059 riores
689 1020 805 1057 cum
859 1002 976 1069 ipso
1036 1000 1205 1053 cranio
1269 1001 1571 1068 plerumque
1631 1004 1927 1073 conjunctae
1948 1044 1968 1072 ,
2023 1016 2071 1057 et

474 1110 597 1166 post
643 1097 811 1165 ipsum
857 1095 1080 1149 thoracis
1124 1088 1301 1149 cavum
1346 1096 1639 1151 collocatae.

551 1187 605 1240 Si
655 1186 716 1239 ab
759 1185 1018 1240 infusoriis
1061 1185 1354 1252 incipientes
1401 1187 1464 1239 ad
1519 1186 1798 1241 vertebrata
1847 1187 2071 1241 animalia

472 1276 852 1341 adscendimUS,
891 1276 1054 1343 pisces
1083 1276 1242 1342 prima
1271 1276 1497 1329 animalia
1541 1279 1764 1331 vocanda
1809 1288 1929 1330 sunt
1948 1315 1967 1342 ,
2020 1276 2072 1328 in

471 1364 660 1432 quibus
703 1365 950 1431 fluidum,
1007 1367 1149 1431 quod
1185 1366 1499 1432 respirationi
1551 1365 1787 1430 inservit,
1837 1382 1930 1432 per
1972 1365 2072 1418 oris

469 1453 731 1509 cavitatem
775 1455 837 1507 ad
883 1472 1068 1523 organa
1115 1455 1430 1522 respiratoria
1478 1454 1724 1522 pervenit,
1800 1455 1856 1506 l‘n
1905 1471 2078 1505 armu-

471 1543 601 1596 latis
646 1543 883 1597 tubicolis
931 1547 1031 1614 jam
1081 1547 1331 1600 cernimus
1377 1563 1562 1615 organa
1602 1544 1945 1612 respirationis
1995 1561 2076 1596 ca-

470 1631 566 1698 piti
628 1632 864 1696 admota,
934 1650 1052 1687 cum
1109 1634 1160 1685 in
1205 1635 1397 1699 reliqua
1441 1635 1670 1701 corporis
1716 1646 1894 1700 parte,
1946 1632 2072 1686 tubo

473 1719 706 1786 inclusa,
743 1721 895 1775 nuliis
942 1722 1001 1776 iis
1035 1723 1406 1777 concedebatur
1444 1725 1610 1778 loeus.
1685 1725 1742 1776 In
1782 1722 2073 1776 vertebratis

471 1809 634 1864 calido
688 1813 930 1881 sanguine
986 1812 1223 1879 praeditis
1264 1825 1417 1879 atque
1464 1813 1515 1864 in
1551 1812 1814 1879 amphibiis
1858 1799 2072 1863 ssu‘idum

471 1898 848 1965 respiratorium
892 1917 998 1953 non
1039 1915 1233 1955 tantum
1280 1919 1372 1967 per
1401 1919 1459 1954 os
1494 1902 1677 1965 intrat,
1715 1915 1887 1952 verum
1929 1898 2074 1949 etiam

471 2003 566 2055 per
607 1987 731 2042 illud
782 2006 958 2043 rursus
1001 1990 1119 2040 exit,
1178 1989 1373 2055 'Longe
1409 1989 1549 2040 aliter
1598 2001 1674 2041 est
1717 1988 1769 2039 in
1808 1986 2071 2052 piscibus,

473 2088 527 2130 et
565 2075 705 2128 aliter
757 2093 866 2129 esse
907 2076 1138 2128 debebat.
1214 2075 1267 2128 Si
1320 2092 1448 2141 aqua
1489 2094 1580 2144 per
1617 2094 1675 2129 os
1717 2093 1896 2129 rursus
1930 2074 2070 2127 emit-

474 2175 702 2230 teretur,
770 2162 985 2231 piscium
1047 2179 1261 2229 corpora
1320 2176 1454 2216 tanta
1499 2165 1549 2217 vi
1589 2179 1908 2232 postrorsum
1961 2183 2075 2233 pre-

476 2265 769 2318 merentur,
839 2264 1057 2317 quanta,
1111 2268 1226 2304 eum
1279 2268 1367 2318 per
1415 2269 1690 2320 aperturas
1724 2255 2073 2309 branchiarum

482 2355 659 2409 exeat,
712 2354 999 2396 antrorsum
1066 2341 1146 2393 illa
1201 2341 1391 2394 moveri
1439 2343 1671 2408 probavit
1717 2345 1842 2397 Bru
1861 2361 1955 2411 gm
1975 2360 2076 2395 an-

478 2432 645 2487 siu5.
733 2434 995 2487 Structura
1057 2448 1362 2500 organorum
1421 2435 1796 2501 respirationis,
1849 2436 1920 2488 uti
1970 2435 2078 2487 uni-

476 2540 623 2577 versa
660 2521 845 2576 fabrica
895 2522 1136 2588 piscium,
1191 2525 1562 2576 accommodata
1600 2536 1676 2576 est
1727 2540 1898 2576 eorum
1949 2523 2079 2575 vitae

472 2613 531 2667 in
585 2614 766 2680 aquiS,
846 2624 896 2665 et
952 2629 1066 2665 cum
1121 2613 1217 2664 hoc
1281 2612 1480 2665 vivendi
1544 2629 1722 2681 genere
1791 2612 2069 2666 arctissimo

473 2718 611 2756 nexu
653 2703 906 2754 cohaeret.
985 2702 1137 2753 Collo
1183 2701 1479 2766 deficiente,
1532 2702 1627 2756 sub
1677 2702 1836 2768 eapite
1865 2703 2078 2753 colloca-

478 2804 530 2846 ta
583 2802 660 2844 est
721 2789 1061 2858 respirationis
1130 2790 1342 2843 officina.
1441 2792 1576 2844 Cum
1646 2808 1765 2844 vero
1830 2801 2078 2843 exstantes

483 2879 679 2932 humeri
744 2881 796 2931 in
845 2878 1091 2932 fendenda
1159 2895 1287 2943 aqua
1349 2879 1563 2932 maximo
1608 2880 1823 2933 fuissent
1875 2877 2081 2943 impedi-

480 2979 687 3031 mentO,
741 2967 903 3020 forma
959 2981 1122 3022 autem
1169 2966 1315 3020 cunei
1379 2967 1628 3021 minimam
1689 2966 1882 3019 obferat
1957 2967 2078 3018 resi-

488 3057 717 3111 stentiam
744 3096 761 3122 ,
812 3069 964 3124 caput
1023 3073 1137 3110 cum
1181 3056 1384 3109 thorace
1424 3073 1639 3111 cuneum
1684 3056 1857 3123 eflicit,
1895 3067 1942 3108 et
1989 3055 2081 3107 alia

1947 3157 2084 3211 prae-
