2266 3923
505 217 580 283 98
895 203 1731 265 DISSERTATIO

524 367 701 421 randas
751 379 860 419 esse
895 363 1093 429 censuit
1137 359 1324 416 Geof
1333 359 1361 412 f
1370 376 1530 427 roy;
1585 360 1677 412 hae
1726 357 1962 413 nimirum
2024 360 2105 415 in«

531 469 606 509 ter
664 470 724 508 os
796 453 1010 520 hyo'ides
1079 463 1128 504 et
1197 450 1543 518 oesophagum
1616 449 1739 504 sitae
1804 461 1961 516 sunt3
2029 450 2146 514 dein

524 544 674 612 quod
712 559 807 611 pro
856 542 1002 597 unica
1049 540 1335 608 cartilagine
1376 538 1622 592 crico'idea
1660 537 1711 590 in
1755 537 1982 603 piscibus
2009 540 2138 595 duae.

535 634 699 688 adsint
746 634 998 702 sejunctae
1053 643 1219 698 partes
1282 629 1458 682 exinde
1505 639 1616 693 est,
1665 628 1805 693 quod
1861 644 1920 682 os
1973 631 2137 695 quod.

532 737 756 789 cumque
819 721 979 789 impar
1028 721 1079 774 in
1139 721 1268 779 linea
1329 718 1488 769 media
1531 716 1760 781 corporis
1800 719 2026 781 positum
2075 736 2138 791 ex

534 811 731 865 duabus
790 810 1037 864 similibus
1101 805 1330 874 partibus
1407 813 1607 856 constat
1690 819 1863 867 secum
1925 806 2137 876 J‘unctis.

529 900 693 967 Igitur
749 901 1002 966 sejunctae
1064 907 1258 949 tantum
1311 907 1535 947 mansere
1589 891 1641 945 in
1699 892 1956 962 piscibus;
2025 897 2140 951 dein

537 989 725 1042 adesse
763 986 930 1053 pisces
950 1027 968 1053 ‚
1008 987 1060 1039 in
1107 984 1309 1051 quibus
1338 982 1437 1050 pro¹
1467 993 1647 1049 quarto
1692 983 1799 1049 pari
1838 985 2045 1040 unicum
2081 1002 2144 1047 os

529 1078 812 1146 reperitur,
883 1080 984 1147 Jam
1049 1075 1360 1129 monuimus·
1434 1072 1605 1128 Multa
1651 1088 1809 1143 porro
1848 1090 2141 1144 argumenta

535 1165 858 1226 acutissimus
912 1165 988 1219 vir
1033 1164 1198 1219 attulit
1221 1204 1240 1230 ‚
1300 1179 1361 1216 ex
1399 1162 1564 1217 avium
1595 1164 1884 1230 praesertim
1911 1178 2142 1220 anatome

539 1258 731 1324 petita,
805 1270 933 1322 quae
983 1269 1117 1310 nunc
1176 1268 1282 1307 non
1322 1265 1398 1308 est
1440 1254 1724 1321 exponendi
1765 1255 1928 1309 locus.
2003 1257 2142 1316 Cum

533 1362 654 1398 vero
709 1343 988 1398 verisimilis
1049 1342 1197 1396 nobis
1247 1341 1474 1396 videatur
1518 1343 1640 1395 haec
1689 1342 1886 1396 Geof
1895 1343 1925 1396 f
1934 1347 2137 1414 royei

533 1434 811 1500 sententia,
876 1448 1041 1500 neque
1090 1432 1207 1487 alias
1268 1448 1538 1487 noscamus
1581 1445 1748 1500 partes
1773 1474 1793 1501 ‚
1825 1435 2133 1502 quibuscum

536 1529 804 1582 commode
858 1528 1136 1594 comparari
1187 1539 1437 1594 possent,
1485 1526 1776 1582 nominibus
1820 1527 1872 1579 in
1915 1525 2144 1583 Tabulae.

537 1630 740 1671 nostrae
797 1615 1127 1682 explicatione
1188 1615 1262 1668 uti
1339 1615 1484 1677 liceat
1503 1653 1524 1681 ,
1605 1613 1790 1681 quibus
1838 1613 1920 1666 ille
1973 1626 2141 1681 partes

534 1708 683 1771 hasce
729 1704 1004 1774 insignivit.

609 1797 767 1866 Quod
815 1812 937 1849 vero
1001 1795 1064 1849 ad
1130 1809 1274 1852 arcus
1331 1792 1473 1861 ipsos
1513 1791 1688 1853 attinet
1707 1831 1725 1859 ,
1773 1792 1833 1847 iis
1871 1793 2139 1846 adhaerent

534 1887 804 1954 pulmones
864 1884 1114 1952 piscium3
1186 1882 1361 1949 quidni
1419 1882 1551 1934 enim
1619 1881 1880 1935 branchias
1960 1897 2139 1941 eorum

540 1977 609 2029 ita
626 1975 934 2042 appellemus
957 1973 982 2024 52
1000 1973 1176 2036 Itaque
1190 1986 1307 2023 cum
1321 1969 1517 2024 annulis
1530 1968 1857 2036 cartilagineis
1871 1968 2141 2037 bronchia-

529 2079 651 2114 ›rum
689 2059 1066 2127 quodammodo
1098 2058 1283 2111 debent
1322 2056 1619 2123 comparari.
1694 2056 1959 2122 Inquirens
1987 2057 2141 2126 igitur

541 2150 767 2204 Geoff
777 2166 908 2217 roy
961 2149 1040 2202 St.
1084 2146 1353 2200 Hilaire
1399 2161 1520 2200 num
1568 2145 1691 2212 quid
1719 2146 1877 2200 simile
1909 2147 2143 2203 obferant

537 2241 806 2308 pulmones
842 2239 1007 2293 avium
1033 2279 1050 2305 ‚
1123 2253 1251 2304 quae
1317 2235 1543 2310 animalia
1598 2235 1793 2305 egregie
1860 2238 1922 2290 ad
1977 2249 2138 2292 totam

538 2331 753 2396 piscium
815 2329 1050 2383 fabricam
1095 2327 1438 2392 illustrandam
1484 2325 1764 2380 inserviunt
1781 2365 1801 2392 ‚
1848 2324 2037 2380 invenit
2086 2326 2140 2396 in

539 2418 664 2486 ipsis
722 2416 979 2470 bronchiis
1001 2456 1019 2482 ‚
1075 2415 1127 2468 in
1170 2414 1335 2468 medio
1377 2415 1495 2472 loco,
1537 2415 1667 2467 inter
1707 2413 1910 2469 arteriae
1935 2431 2143 2483 asperae

541 2506 925 2561 bifurcationem
978 2519 1027 2559 et
1077 2504 1433 2558 bronchiarum
1483 2503 1535 2555 in
1582 2504 1803 2558 ramulos
1847 2520 2101 2564 secessum
2118 2545 2139 2572 ‚

544 2610 765 2664 quatuor
831 2612 947 2650 ossa
966 2636 985 2662 ‚
1058 2613 1187 2663 quae
1228 2611 1398 2649 revera
1441 2606 1703 2661 tantopere
1745 2611 1864 2648 cum
1916 2595 2138 2654 arcubus

543 2685 913 2740 branchialibus
974 2684 1283 2739 conveniunt
1300 2723 1319 2750 ‚
1388 2695 1446 2737 ut
1502 2682 1646 2738 facile
1687 2684 1851 2752 primo
1897 2685 2136 2751 adspectu

545 2795 641 2847 pro
705 2777 949 2833 similibus
1006 2777 1232 2844 partibus
1295 2788 1669 2845 agnoscantur3
1725 2790 1817 2828 nec
1859 2789 2137 2843 possumus.

548 2868 671 2933 quin
711 2868 1030 2921 desumamus
1078 2883 1139 2919 ex
1178 2864 1599 2932 Geoffroyei
1637 2881 1790 2931 opere
1840 2864 1972 2916 illam
2008 2863 2136 2931 figu-

551 2974 692 3023 ram,
743 2973 841 3022 qua
894 2973 972 3009 res
1014 2956 1244 3009 declarari
1293 2966 1342 3008 et
1371 2954 1604 3009 illustrari
1631 2954 1818 3020 optimc
1849 2969 2003 3019 posse
2040 2968 2134 3014 no„-

546 3048 623 3102 bis
683 3048 787 3101 visa
841 3061 916 3100 est
962 3047 1105 3115 (d).
1191 3046 1555 3113 Geoifroy
1626 3045 1774 3111 igitur
1830 3043 2136 3115 pleurealia

2087 3132 2145 3200 il·

601 3244 712 3296 (d)
740 3244 846 3286 Vide
888 3242 1077 3284 Tabulae
1118 3250 1275 3284 nostrae
1318 3240 1410 3294 Fig‚
1451 3254 1494 3294 9.
1528 3238 1617 3295 (80
1645 3241 1752 3292 apud
1786 3238 2127 3288 Gcoffroy).

2049 3310 2115 3351 ef,
