2266 3923
495 178 660 244 100'
874 179 1713 239 DISSERTATIO

499 359 556 397 ac
607 354 736 410 typo
776 354 928 406 quam
979 337 1191 391 maxime
1245 349 1436 391 remota
1482 338 1799 403 metastasiS,
1866 352 1965 403 qua
2006 337 2110 391 fac-

503 443 612 485 tum
655 439 820 493 esset,
858 438 915 481 ut
955 428 1018 479 ad
1046 426 1184 493 ipsas
1239 438 1407 480 costas
1458 439 1605 482 extus
1646 427 1800 494 positi
1844 428 2112 496 pulmones

503 520 938 574 adhaerescerent.
1013 516 1201 583 Neque
1267 517 1317 569 id
1369 515 1562 585 fugit,
1609 534 1709 584 qua
1784 516 1883 571 fuit
1943 515 2116 585 judicii

501 609 813 674 subtilitate,
885 605 1053 672 ipsum
1113 606 1643 672 Duverneyum3
1709 604 1882 658 scribit
1944 604 2107 656 enim:

508 740 542 768 „
579 701 638 754 V
630 701 734 753 oilci
805 713 906 752 une
958 699 1218 749 situation
1277 695 1341 748 de
1383 698 1596 764 parties
1646 695 1769 759 fort
1815 693 2120 745 extraordi-

501 792 657 843 nair&
701 802 750 841 et
775 790 904 854 fort
948 785 1272 854 'singulierffi
1363 782 1451 833 La
1487 783 1724 853 poitrine
1769 793 1844 834 est
1882 780 2014 833 dans
2059 780 2115 833 la

505 877 696 931 boucha
738 875 1049 930 aussi-bien
1100 890 1198 943 quc
1247 871 1293 923 le
1335 885 1599 942 poumon,
1653 882 1702 923 et
1727 872 1800 923 les
1830 874 1965 924 co‘tes
1987 885 2118 943 por·

505 978 618 1019 tent
673 968 719 1018 le
776 979 1025 1036 potamon,
1095 974 1145 1014 et
1196 962 1452 1014 l’am‘mal
1494 965 1694 1033 respira
1743 961 1950 1015 l’eau.’'
2018 961 2118 1014 Ni-

503 1055 575 1108 hil
617 1066 782 1109 autem
840 1051 1091 1121 ejusmodi
1150 1050 1382 1105 acciderit
1424 1066 1631 1105 necesse
1672 1063 1749 1105 est
1773 1091 1792 1118 ,
1846 1052 1891 1106 si
1934 1053 2116 1120 proba-

505 1143 733 1196 biliorem
777 1141 1203 1210 Geoffroyei
1251 1141 1548 1194 sententiam
1604 1158 1912 1208 sequamur,
1951 1155 2001 1195 et
2043 1142 2121 1195 ni·

506 1234 579 1287 hil
651 1246 763 1298 est,
843 1235 983 1299 quod
1039 1244 1173 1286 tanta
1224 1245 1345 1287 tunc
1416 1232 1740 1286 admiratione
1784 1231 2004 1298 indigere
2046 1231 2121 1284 vi·

506 1324 703 1379 deatur.
774 1324 833 1375 Id
876 1336 1042 1376 tamen
1091 1337 1196 1375 non
1237 1337 1478 1389 negamus
1498 1360 1516 1386 ,
1581 1338 1758 1374 verum
1817 1321 2116 1373 affirmamus

510 1413 655 1465 etiam
749 1425 901 1479 atque
961 1411 1311 1465 contendimus
1338 1451 1355 1476 ,
1416 1411 1512 1465 hos
1601 1427 1745 1464 arcus
1811 1425 1928 1463 cum
2006 1425 2123 1462 osse

509 1502 731 1570 hyo‘ideo
750 1541 767 1566 ,
816 1514 1071 1567 tamquam
1121 1502 1277 1554 altero
1310 1502 1529 1567 quodam
1578 1514 1784 1567 sterno,
1839 1499 2124 1553 interiorem

512 1590 668 1644 veluti
719 1591 939 1657 pectoris
994 1590 1254 1643 cavitatem
1325 1590 1535 1643 efficere.
1612 1592 1769 1660 Quod
1816 1608 1936 1658 vero
1982 1591 2126 1656 pleu-

512 1679 689 1744 realia,
757 1693 976 1746 quorum
1036 1678 1245 1744 analoga
1300 1677 1350 1728 in
1418 1677 1594 1731 avibus
1671 1695 1700 1731 a
1759 1679 1921 1745 capite
1968 1679 2124 1745 longo

513 1768 634 1821 satis
682 1779 873 1820 remota
923 1777 1043 1819 sunt
1090 1764 1355 1818 intervallo
1379 1804 1397 1830 ,
1449 1765 1501 1817 in
1535 1766 1761 1832 piscibus
1815 1768 1911 1821 sub
1964 1765 2125 1831 capite

514 1859 868 1922 collocantur,
910 1870 1015 1908 non
1059 1855 1240 1908 mirum
1282 1854 1535 1907 videbitur
1573 1855 1847 1920 cogitanti,
1882 1854 1933 1905 id
1979 1853 2126 1905 etiam

518 1948 570 2000 in
603 1945 806 2012 reliquis
840 1943 1040 2010 organis
1082 1942 1148 1993 ob
1202 1942 1458 1993 evolutam
1507 1943 1711 1993 caudam
1748 1942 1814 1993 ita
1854 1940 2128 2008 accidisse,

517 2050 575 2091 ut
622 2034 752 2087 infra
814 2033 1080 2086 ostendere
1128 2030 1277 2083 nobis
1332 2029 1526 2084 animus
1572 2043 1668 2084 est.

593 2123 751 2175 Hisce
792 2122 852 2187 §§
909 2120 970 2171 de
1031 2118 1235 2171 ossibus
1268 2118 1610 2185 respirationis
1640 2121 1866 2173 adderem
1898 2119 2129 2186 profecto

523 2211 803 2276 variarum,
845 2209 1029 2276 quibus
1063 2208 1171 2275 ipsa
1203 2208 1397 2261 officina
1432 2207 1748 2273 respiratoria
1778 2209 1995 2262 obnoxia
2013 2221 2126 2274 est,

523 2300 861 2354 diversitatum
913 2296 1310 2361 enarrationem,
1361 2296 1650 2361 praesertim
1705 2297 1757 2349 in
1795 2299 2136 2365 chondropte-

528 2390 787 2458 rygiorum
828 2387 999 2440 ordine
1026 2426 1042 2451 ,
1095 2386 1191 2437 nisi
1249 2402 1501 2452 sperarem
1558 2385 1771 2438 confore
1806 2399 1862 2439 ut
1888 2388 1949 2439 ad
1994 2388 2129 2440 hunc

532 2482 701 2533 locum
762 2480 822 2532 dc
882 2478 1067 2529 sceleto
1121 2475 1337 2542 piscium
1387 2488 1563 2542 postea
1618 2487 1907 2530 reverterer.
1980 2477 2134 2530 Nunc

536 2581 737 2622 nostrae
796 2569 894 2634 jam
939 2567 1217 2632 paullulum
1266 2563 1480 2631 longiori
1525 2563 1848 2630 disputationi
1897 2563 2138 2617 addidisse

536 2659 744 2711 sufficiat
799 2673 859 2707 cx
907 2653 1094 2708 Geof
1103 2653 1131 2706 f
1138 2652 1331 2720 royei
1381 2652 1622 2704 sententia
1669 2652 1841 2706 dentes
1881 2653 2138 2706 branchia—

540 2749 611 2800 les
669 2748 906 2813 analogos
954 2747 1254 2798 annulorum
1298 2760 1503 2809 asperae
1555 2742 1756 2794 arteriae
1805 2760 1916 2797 6556
1951 2744 2136 2796 haben-

545 2837 673 2901 dos;
728 2836 1065 2902 cartilagincas
1108 2851 1228 2887 vero
1275 2851 1480 2887 arcuum
1525 2833 1729 2887 laminas
1772 2846 2020 2898 tamquam
2051 2847 2138 2884 an·
2189 2846 2193 2849 ·

548 2926 780 2977 nulorum
835 2924 1210 2977 bronchcalium
1257 2923 1534 2976 rudimenta
1584 2922 1964 2975 considerandas
1993 2938 2137 2988 esse,

550 3015 689 3079 quod
731 3030 791 3065 an
846 3013 909 3066 ita
962 3014 1022 3066 sit
1067 3029 1156 3065 nec
1203 3027 1299 3076 nc,
1354 3012 1553 3065 videant
1600 3012 1860 3078 peritiores
1890 3010 2026 3080 (f).

611 3135 707 3188 (Υ)
739 3139 907 3178 Plutus„
956 3138 1159 3178 Anatom.
1206 3146 1244 3187 p,
1292 3137 1510 3186 398v-4022

2016 3187 2147 3241 CA-
