2266 3923
417 1156 544 1216 DE
633 1151 1101 1218 S'CELETO
1188 1159 1638 1228 PISCIUM.

231 1596 462 1714 Pisces
539 1658 972 1727 imperfectissima
1043 1673 1166 1716 sunt
1235 1662 1437 1720 illorum
1501 1669 1825 1747 animalium,

229 1766 373 1816 quae
403 1750 654 1803 vertebras
686 1749 902 1815 habent,
947 1749 991 1804 si
1032 1752 1235 1817 quidem
1271 1753 1701 1821 imperfectissima
1733 1782 1826 1820 vo-

234 1855 405 1892 camus
451 1856 505 1892 ca
543 1838 802 1903 animalia,
860 1855 989 1904 quac
1046 1840 1108 1892 ab
1160 1840 1363 1895 homine
1404 1845 1701 1915 longissimo
1725 1842 1728 1844 ’
1751 1871 1830 1908 re-

229 1940 367 1982 mota
402 1940 524 1982 sunt
572 1930 852 1982 intervallo.
927 1930 1079 1984 Unus
1128 1943 1323 1985 tantum
1367 1937 1533 1990 cordis
1582 1951 1658 1993 est
1707 1958 1831 1998 ven.

227 2019 436 2073 triculus
462 2059 480 2084 ‚
536 2016 624 2082 qui
686 2029 946 2083 acceptum
1009 2034 1037 2069 a
1089 2029 1198 2070 toto
1261 2036 1477 2088 corpore
1529 2028 1828 2096 sanguinem

229 2124 407 2161 versus
451 2092 714 2160 branchias
772 2107 913 2173 pellit
936 2147 954 2173 ‚
1018 2125 1122 2174 quo
1182 2111 1385 2164 nomine
1444 2131 1628 2182 organa
1673 2118 1830 2191 insig-

227 2197 474 2264 niuntur,
525 2212 652 2262 quae
679 2194 994 2261 respirationi
1038 2195 1090 2247 in
1135 2213 1265 2263 aqua
1306 2199 1461 2254 dicata
1500 2217 1640 2259 sunt.
1696 2208 1824 2264 Om-

227 2286 305 2339 nis
349 2285 551 2354 sanguis
602 2283 779 2336 transit
828 2299 919 2349 per
955 2282 1216 2337 branchias
1258 2286 1331 2339 uti
1374 2289 1541 2344 avium
1589 2311 1824 2353 mamma-

224 2374 451 2442 liumque
507 2373 712 2442 sanguis
773 2372 935 2426 omnis
980 2390 1071 2439 per
1126 2375 1438 2445 pulmones;
1493 2380 1545 2434 in
1597 2384 1826 2451 piscibus

223 2477 389 2518 tamen
439 2463 641 2532 sanguis
695 2463 772 2518 uti
821 2463 872 2516 in
929 2463 1192 2530 reptilibus
1239 2465 1452 2534 frigidus
1514 2483 1625 2538 est,
1681 2475 1827 2542 quod

223 2570 285 2605 ex
342 2571 489 2620 parca
544 2553 776 2622 oxygonii
823 2553 1006 2621 copia,
1059 2572 1187 2621 quae
1250 2557 1373 2611 a'cris
1423 2577 1583 2627 aquae
1629 2563 1826 2619 inmixti

227 2657 345 2708 pars
390 2654 498 2708 est,
537 2643 906 2709 explicandum.
983 2643 1260 2698 Cerebrum
1290 2664 1499 2714 parvum
1532 2664 1637 2718 est,
1676 2666 1726 2708 et
1761 2671 1825 2708 ex

222 2728 454 2794 pluribus
525 2729 680 2782 veluti
741 2729 960 2797 globulis
1034 2734 1392 2799 compositum.
1503 2742 1701 2795 Scimus
1770 2743 1825 2796 in

228 2818 436 2872 cerebro
492 2816 790 2870 sensationis
837 2830 989 2883 atque
1036 2819 1315 2876 intellectus
1355 2827 1524 2880 sedem
1573 2848 1685 2884 esse
1729 2847 1827 2899 po-

229 2905 375 2960 sitam
435 2923 490 2959 ac
554 2908 792 2973 domum3
851 2908 1117 2961 medullam
1177 2928 1298 2965 vero
1359 2916 1599 2982 spinalem
1658 2923 1822 2978 motui

226 2996 572 3049 musculorum
625 2995 1077 3064 functionibusque
1136 3002 1379 3069 organicis
1430 3024 1540 3062 esse
1587 3008 1819 3068 dicatam.

228 3084 364 3136 Cum
403 3084 554 3152 igitur
594 3085 759 3152 pisces
800 3087 989 3154 stupidi
1025 3089 1160 3156 sint,
1198 3107 1376 3160 magna
1419 3113 1540 3151 vcro
1588 3101 1823 3155 movendi

228 3170 279 3224 vi
328 3173 603 3242 gaudeant,
646 3174 801 3242 'facile
845 3176 1177 3245 perspicimus
1243 3181 1293 3234 in
1356 3181 1415 3239 iis
1476 3200 1583 3243 tum
1631 3188 1823 3242 cerebri

1073 3267 1120 3321 C
1160 3286 1190 3323 2
1717 3292 1830 3346 par-
