2266 3923
440 236 506 294 ς,
816 220 1652 282 DtssERTA‘rlo

466 414 505 445 ,‚
533 374 689 432 cranii
753 379 961 432 adversa
978 414 1000 444 ,
1076 379 1185 432 duo
1247 377 1376 433 ostia
1421 378 1745 433 inveniuntur
1768 415 1788 443 ,
1844 393 2064 445 quorum

468 505 505 538 „
537 466 747 525 inferius
786 467 986 535 maJ‘us,
1031 469 1256 535 amplum
1301 479 1350 519 et
1383 467 1525 520 ovale
1573 479 1688 535 est,
1738 480 1789 522 et
1839 485 1868 521 a
1911 485 2068 524 mem-

471 597 508 627 „
542 559 695 613 brana
736 556 877 611 firma
917 568 968 610 et
1010 558 1213 612 elastica
1255 557 1537 624 clauditur,
1589 574 1807 625 quorum
1832 557 2068 625 superius

468 686 505 716 ‚,
539 647 811 701 admodum
865 647 1104 717 exiguum
1159 661 1256 703 est.
1330 650 1424 703 Per
1473 649 1599 703 illud
1644 664 1829 703 nervus
1875 647 2072 703 audito-

469 774 509 803 „
538 735 645 789 rius
697 735 750 788 in
793 735 1052 791 cavitatem
1099 737 1336 792 vestibuli
1379 738 1682 806 cartilaginei
1720 738 1906 803 intrat,
1977 753 2071 804 per

471 861 506 891 „
542 823 643 878 hoc
678 840 767 880 vas
809 825 1015 892 aliquod
1062 842 1091 879 a
1137 825 1404 892 superficie
1444 826 1636 878 cerebri
1662 826 1731 891 ¹in
1762 825 2072 880 vestibulum

472 950 508 981 „
543 901 741 967 transit.
782 938 849 953 -—
885 912 1091 982 Quibus
1146 911 1352 965 duobus
1404 912 1551 966 ostiis
1569 953 1587 977 ,
1645 912 1700 965 in
1749 913 1903 967 cranii
1943 913 2076 968 cavi-

452 1029 505 1068 t„
541 1013 691 1055 tatem
744 999 1033 1067 hiantibUS,
1085 1001 1340 1068 exceptiS,
1378 1001 1688 1056 vestibulum
1715 1000 1907 1067 ubique
1936 1003 2075 1056 clau·

465 1127 502 1155 „
538 1105 654 1143 sum
713 1099 823 1154 est,
872 1087 939 1142 ita
987 1100 1049 1143 ut
1087 1088 1309 1143 fenestra
1355 1090 1590 1145 vestibuli
1644 1090 1944 1160 cartilaginei
1983 1102 2074 1147 aut

468 1193 506 1245 ,ᾖ
540 1175 939 1244 membranacei,
998 1194 1099 1245 qua
1153 1177 1308 1247 RaJae
1356 1190 1406 1230 et
1451 1178 1624 1245 Squali
1648 1178 1882 1232 instructi
1913 1190 2073 1245 sunt,

463 1264 591 1332 „in
647 1264 747 1318 hoc
822 1280 1003 1333 genere
1066 1265 1415 1321 desideretur'’
1479 1270 1509 1337 (
1525 1267 1614 1335 t).
1711 1268 2065 1337 Petromyzon

458 1369 583 1408 vero
639 1352 819 1420 lapillis
859 1366 908 1407 et
947 1355 1203 1411 canalibus
1245 1355 1697 1412 semicircularibus
1737 1370 1891 1412 caret.

534 1441 712 1496 Altera
753 1443 928 1497 classis
974 1444 1469 1514 chondropterygios
1512 1444 1765 1499 branchiis
1800 1445 1967 1500 liberis
1993 1444 2072 1499 in-

457 1540 682 1586 structos
740 1544 791 1584 et
845 1547 1023 1586 osseos
1072 1533 1239 1600 pisces
1300 1533 1675 1601 complectitur.
1761 1534 1863 1586 Hi
1899 1535 2068 1602 pisces

456 1619 890 1674 membranaceum
948 1621 1258 1677 vestibulum
1305 1622 1529 1689 habent,
1584 1623 1726 1689 quod
1770 1634 1937 1676 tamen
1974 1639 2069 1676 nec

453 1723 608 1762 osseo
653 1724 747 1762 nec
791 1709 1108 1777 cartilagineo
1151 1728 1181 1765 a
1227 1711 1380 1764 cranii
1422 1712 1632 1766 cavitate
1670 1712 1951 1780 sejungitur
1990 1712 2067 1765 in-

453 1799 668 1854 volucro
685 1839 703 1867 ,
763 1814 880 1852 cum
930 1800 1156 1855 cranium
1199 1801 1370 1870 ipsum
1435 1801 1674 1857 vestibuli
1716 1799 1849 1854 ossei
1900 1801 2071 1854 locum

451 1898 638 1942 teneat.
723 1888 998 1944 Adduutur
1051 1890 1243 1945 scilicet
1296 1891 1565 1959 posteriori
1627 1889 1851 1944 cavitatis
1918 1889 2071 1942 cranii

454 1977 591 2047 parti
645 1977 772 2033 duae
824 1992 993 2046 partes
1058 1981 1320 2044 lateraleS,
1371 1980 1433 2032 ab
1490 1997 1608 2033 osse
1664 1992 1947 2045 temporum
2022 1990 2073 2030 et

451 2077 598 2134 parte
656 2068 842 2123 laterali
902 2071 1035 2125 ossis
1084 2070 1312 2137 occipitis
1362 2068 1632 2123 formatae,
1711 2069 1808 2122 His
1857 2068 2075 2129 cavitati-

453 2154 556 2209 bus
608 2157 917 2213 vestibulum
969 2160 1402 2214 membranaceum
1445 2171 1494 2212 et
1538 2160 1734 2212 canales
1788 2157 2073 2212 semicircu-

449 2244 582 2298 lares
637 2245 967 2315 recipiuntur.
1068 2246 1334 2300 Saeculum
1405 2257 1586 2314 tegunt
1645 2246 1771 2298 duae
1831 2247 2067 2300 cavitates

453 2333 732 2404 basilares,
789 2353 951 2403 quae,
1006 2336 1117 2390 basi
1176 2336 1308 2391 ossis
1347 2335 1577 2403 occipitis
1634 2336 1950 2402 insculptae,
2002 2336 2073 2389 la-

459 2424 701 2479 teralibus
751 2426 1038 2492 adduntur,
1070 2438 1121 2479 et
1169 2426 1226 2480 iis
1273 2425 1326 2478 in
1380 2425 1643 2492 piscibus,
1697 2441 1915 2491 quorum
1963 2440 2072 2477 sac-

455 2513 608 2568 culus
666 2530 695 2567 a
757 2513 1010 2568 vestibulo
1066 2529 1172 2567 non
1240 2526 1468 2567 remotus
1511 2525 1621 2579 est,
1674 2530 1790 2567 cum
1834 2514 1973 2568 hisce
2019 2514 2073 2567 in

458 2616 613 2657 unam
673 2602 943 2656 confluunt
995 2601 1277 2655 cavitatem.
1368 2601 1426 2653 In
1481 2601 1865 2671 pleuronectide
1881 2643 1899 2671 ,
1957 2603 2073 2658 licet

455 2688 594 2744 oculi
654 2687 708 2742 in
767 2704 874 2742 uno
939 2690 1090 2743 latere
1153 2689 1389 2743 collocati
1443 2690 1581 2757 sint,
1656 2692 1850 2746 aurium
1902 2705 2069 2748 tamen

454 2776 587 2832 situs
632 2777 870 2833 relativus
907 2794 1015 2832 non
1059 2790 1283 2833 mutatur
1302 2818 1320 2844 ,
1394 2780 1463 2832 ita
1514 2792 1572 2834 ut
1617 2779 1697 2833 hic
1744 2782 1897 2850 piscis
1952 2782 2072 2836 alte-

461 2885 568 2923 ram
614 2885 784 2924 aurem
845 2871 897 2924 in
951 2871 1242 2939 superiori,
1292 2871 1346 2925 in
1394 2871 1623 2927 inferiori
1665 2887 1786 2928 vero
1840 2871 2070 2938 corporis

459 2960 726 3026 superficie
777 2962 979 3016 alteram
1024 2962 1205 3016 habeat
1251 2961 1492 3030 positam.

1966 3049 2070 3105 Ha-

521 3153 622 3209 (ι)
647 3152 860 3199 Weber
899 3157 952 3197 de
983 3156 1105 3198 Aure
1155 3157 1287 3200 anim.
1327 3157 1527 3211 aquatil.
1568 3163 1615 3210 p.
1669 3166 1746 3208 15,
1791 3155 1854 3199 16·-
