2266 3923
599 202 1530 305 pRoLEGoMENm
1835 271 1872 325 9

290 397 636 454 Generationis
677 396 875 457 functio
909 400 963 457 in
1010 400 1268 457 nonnullis
1297 399 1590 456 animalibus
1622 419 1736 460 ossa
1785 425 1876 466 sua

289 487 474 552 habet3
540 485 700 551 pelvis
755 487 884 541 enim
947 487 1002 540 in
1076 488 1333 542 nonnullis
1381 488 1676 547 animalibus
1720 505 1878 552 totam

290 575 531 629 officinam
588 572 836 642 includit3
910 578 1011 632 huc
1057 578 1204 631 etiam
1244 578 1495 645 pertinent
1527 594 1644 634 ossa
1689 597 1879 639 marsu-

289 661 435 729 pialia
479 661 532 713 in
572 662 915 721 mammalibus
959 666 1238 719 nonnullis.

311 777 314 779 ·
359 750 501 808 Talis
547 749 717 803 sceleti
762 751 940 805 divisio
986 768 1095 805 eam
1145 753 1322 806 afferre
1354 754 1552 811 videtur
1587 755 1846 814 utilitatem
1861 801 1881 828 ,

289 841 431 907 quod
484 857 547 894 ex
605 840 810 895 ossibus
866 843 931 896 ad
992 845 1244 910 quoddam
1291 844 1612 901 functionum
1666 862 1885 916 systema

294 930 661 997 pertinentibus
712 931 781 982 de
833 930 944 998 ipsa
988 931 1249 986 functione
1309 934 1566 1000 possimus
1627 936 1881 1006 judicare,

290 1034 355 1072 an
381 1019 559 1086 ‘magis
616 1018 848 1074 minusve
896 1021 1099 1076 evoluta
1148 1022 1232 1075 sit.
1271 1048 1283 1068 «ν
1308 1022 1363 1075 Si
1406 1021 1536 1075 enim
1585 1040 1702 1081 ossa
1742 1025 1888 1081 func-

288 1105 442 1162 tionis
487 1109 709 1178 cujusv1s
745 1125 899 1176 parva
932 1121 1052 1165 sunt
1071 1151 1089 1177 ‚
1129 1123 1346 1179 systema
1375 1112 1663 1181 organicum
1698 1115 1842 1168 etiam
1867 1157 1887 1183 ‚

289 1211 514 1263 quocum
553 1198 821 1265 conjuncta
853 1209 977 1252 sunt
1000 1234 1020 1265 ‚
1062 1215 1274 1265 parvum
1322 1199 1426 1252 fere
1472 1217 1670 1268 semper
1707 1205 1890 1271 reperi-¹

289 1298 393 1341 tur.
468 1286 516 1339 E
557 1286 726 1341 cranio
769 1289 868 1357 J‘am
915 1288 1106 1344 dudum
1152 1291 1214 1343 ad
1251 1289 1510 1343 cerebrum
1560 1292 1852 1347 conclusere
1869 1331 1891 1359 ‚

288 1385 340 1426 et
372 1390 436 1430 eo
472 1376 633 1443 majus
677 1392 788 1429 esse
822 1377 1146 1444 encephalum
1171 1417 1189 1443 9
1231 1393 1336 1443 quo
1371 1379 1583 1445 amplior
1615 1393 1745 1434 esset
1777 1384 1885 1452 ejus

290 1464 464 1528 theca,
501 1463 719 1517 arbitrati
749 1479 888 1518 sunt.
966 1469 1082 1520 Hoc
1120 1468 1448 1521 fundamento
1496 1469 1672 1522 nititur
1709 1470 1887 1523 Cam-

288 1550 433 1618 peri
490 1551 617 1602 linea
665 1552 887 1615 facialis,
959 1566 1010 1604 et
1057 1554 1269 1605 Gallii
1317 1556 1509 1607 theoria
1556 1558 1619 1607 de
1669 1557 1889 1610 Crania-

289 1639 484 1708 5copia.
575 1637 634 1688 In
697 1635 818 1688 alias
875 1648 1042 1690 autem
1103 1651 1270 1704 partes
1321 1642 1546 1694 nondum
1596 1659 1651 1696 ea
1694 1646 1885 1699 ratione

287 1725 590 1793 inquisivere
647 1726 972 1794 physiologi,
1038 1730 1177 1793 quod
1226 1741 1364 1783 tanto
1414 1730 1571 1797 magis
1608 1732 1884 1788 mirandum

288 1829 401 1882 est,
488 1816 605 1883 quia
664 1814 855 1867 cerebri
911 1815 1108 1868 functio
1172 1817 1436 1871 obscurior
1485 1830 1597 1882 cst,
1665 1832 1715 1872 et
1771 1838 1885 1888 par-

284 1905 413 1960 tium
434 1905 558 1958 illud
584 1902 999 1957 constituentium
1029 1921 1241 1972 prorsus
1259 1905 1364 1958 fere
1392 1907 1678 1974 ignoramus
1709 1927 1878 1966 usum.

286 1994 545 2062 Neglectis
601 1994 784 2062 igitur,
847 2012 974 2061 quae
1027 2011 1131 2048 non
1186 1995 1310 2047 nihil
1359 1995 1578 2050 faciliora
1615 1999 1881 2068 videntur,

288 2084 339 2138 in
393 2101 449 2137 ea
500 2096 694 2138 tantum
745 2084 1048 2150 inquisivere
1097 2085 1190 2140 viri
1242 2087 1408 2154 docti,
1480 2103 1608 2156 quae
1652 2090 1880 2146 omnium

282 2185 403 2227 sunt
450 2173 601 2241 longe
640 2172 939 2226 difficillima.

308 2258 313 2264 '
356 2262 623 2316 Caeterum
672 2277 777 2315 non
821 2262 1035 2329 dubim,
1081 2264 1205 2330 quin
1243 2265 1293 2318 in
1338 2267 1446 2334 ipsa
1493 2268 1683 2324 ossium
1719 2269 1880 2325 forma

280 2350 446 2404 adsint
505 2351 848 2415 cliaractereS‚
934 2367 995 2404 ex
1057 2352 1242 2418 quibus
1311 2356 1542 2424 colligere
1608 2375 1874 2425 possemus

281 2440 345 2492 ad
400 2440 651 2505 quodnam
703 2439 1023 2494 functionum
1067 2457 1225 2509 genus
1273 2445 1568 2510 pertineant.
1657 2449 1732 2501 Ut
1769 2463 1874 2502 uno

285 2529 515 2594 exemplo
558 2540 706 2595 utar,
752 2544 868 2582 ossa
906 2529 1053 2595 plana
1091 2530 1252 2583 motui
1288 2531 1392 2585 fere
1431 2550 1535 2587 non
1564 2537 1876 2606 inserviunt,

285 2618 376 2669 sed
417 2619 653 2684 pleraque
693 2630 863 2673 motus
915 2635 1031 2673 ossa
1078 2636 1107 2672 e
1151 2636 1329 2688 genere
1368 2623 1637 2692 longorum
1682 2640 1820 2681 sunt.

357 2705 488 2758 Ossa
529 2711 756 2774 corporis
818 2709 1056 2775 humani,
1101 2709 1143 2762 si
1190 2727 1304 2764 eum
1355 2729 1659 2781 sequamur,
1722 2731 1873 2782 quem

283 2794 645 2859 proposuimus
664 2836 684 2863 2
722 2798 942 2852 ordinem
963 2837 982 2863 ‚
1020 2799 1111 2851 hac
1151 2798 1255 2851 fere
1288 2802 1480 2855 ratione
1524 2818 1671 2859 erunt
1698 2806 1866 2875 dispo-

276 2883 468 2935 nenda:
