2266 3923
635 288 713 327 DE
784 267 1126 326 SCELETO
1167 282 1173 288 ·
1193 265 1509 325 PISCIUM.
1792 273 1858 338 85

259 430 541 501 tympanica
605 422 737 478 ossis
793 434 1080 491 temporum
1149 438 1197 479 s·
1259 436 1380 477 cum
1447 433 1565 474 osse
1607 420 1849 487 quadrato

251 521 502 574 cohaeret.
574 512 632 566 In
680 512 982 581 quibusdam
1024 511 1422 579 suboperculum
1464 508 1519 562 in
1565 507 1690 563 duas
1728 525 1844 577 par-

251 620 328 662 tes
382 603 673 658 distinctum
733 590 859 657 vidit
918 600 1314 668 Geoffroy,
1390 597 1480 665 qui
1554 596 1679 651 illud
1733 614 1793 651 os
1815 637 1840 666 ‚

249 696 388 763 quod
432 692 716 746 inferiorem
751 691 1079 757 suboperculi
1118 690 1391 758 marginem
1443 685 1590 741 efficit
1603 726 1623 754 ‚
1677 687 1842 754 quod-

244 798 345 853 que
386 796 663 846 numquam
716 796 828 834 sese
869 779 1054 834 vidisse
1096 778 1271 832 scribit
1319 775 1695 844 WeberuS‚
1732 792 1832 844 pro

244 882 426 940 quarto
476 869 833 936 operculorum
876 884 993 921 osse
1053 876 1311 922 enumerat
1326 905 1347 933 ‚
1415 868 1835 935 Praeoperculum

239 972 496 1026 tamquam
559 972 621 1012 os
667 957 952 1024 tympanale
997 955 1338 1010 considerans.
1409 953 1833 1021 Praeoperculum

242 1048 307 1103 ad
341 1063 458 1101 ossa
503 1045 812 1114 opercularia
857 1059 963 1098 non
1010 1043 1260 1112 pertinere
1309 1042 1457 1097 etiam
1490 1043 1579 1097 Cl.
1619 1040 1834 1096 Blai-n-

237 1136 408 1192 ville
472 1134 661 1200 credit,
726 1133 854 1201 qui,
903 1132 980 1187 uti
1029 1131 1366 1198 OkenUS‚
1414 1130 1538 1186 illud
1575 1146 1671 1198 pro
1712 1144 1833 1183 osse

232 1225 391 1296 jugali
456 1224 562 1278 sive
618 1222 748 1277 ossis
798 1222 980 1292 jugalis
1027 1220 1170 1289 parte
1208 1219 1439 1289 agnoscit
1489 1218 1631 1286 (k).
1703 1217 1832 1271 Om-

236 1327 328 1367 nes
379 1312 471 1366 has
526 1323 694 1381 partes
763 1309 973 1366 obducit
1024 1321 1180 1377 atque
1235 1308 1365 1363 inter
1407 1322 1522 1362 sese
1562 1304 1830 1376 conjungit

235 1400 520 1455 membrana
560 1400 782 1467 fibrosa‚
831 1399 899 1453 ita
947 1410 1007 1454 ut
1046 1399 1110 1454 ab
1152 1398 1306 1454 unico
1332 1396 1600 1461 muscum,
1634 1411 1665 1449 a
1689 1405 1833 1461 parte

233 1489 418 1544 laterali
462 1501 513 1543 et
553 1487 751 1556 postica
794 1486 949 1542 cranii
984 1498 1155 1543 ortum
1201 1487 1416 1542 ducente
1432 1525 1453 1553 ‚
1523 1494 1574 1538 et
1617 1480 1830 1550 margini

192 1563 194 1565 ⁵
233 1576 481 1644 superiori
541 1573 766 1641 operculi
820 1574 1011 1627 inserto
1032 1612 1054 1640 ‚
1139 1585 1283 1627 totus
1342 1572 1485 1625 hicce
1558 1580 1828 1638 apparatus

235 1675 414 1732 quaeat
475 1664 687 1718 moveri.
774 1662 1028 1731 Opercula
1065 1662 1120 1716 in
1161 1659 1635 1731 chondropterygiis
1676 1658 1826 1712 bran-

231 1753 368 1807 chias
427 1752 549 1805 fixas
607 1750 906 1805 habentibus
961 1750 1305 1805 desiderantur
1319 1789 1340 1817 ‚
1406 1750 1460 1803 in
1512 1746 1828 1823 sturionibus

239 1857 361 1895 vero
405 1852 556 1906 atque
598 1839 650 1892 in
694 1838 1060 1907 plectognathis
1110 1838 1184 1893 uti
1223 1839 1370 1893 etiam
1418 1838 1472 1891 in
1517 1837 1677 1893 osseis
1724 1835 1830 1904 pis-

227 1927 372 1982 cibus
412 1927 729 1994 reperiuntur
769 1926 1028 1981 omnibus·
1097 1926 1158 1980 In
1211 1925 1271 1979 iis
1316 1925 1447 1979 enim
1491 1925 1676 1979 horum
1721 1923 1826 1991 pis-

230 2017 364 2071 cium
384 2045 404 2082 -‚
493 2016 546 2069 in
640 2014 827 2082 quibus
903 2015 1079 2068 abesse
1151 2015 1512 2080 credebantur,
1575 2012 1650 2066 uti
1703 2022 1827 2066 sunt

228 2105 666 2174 Gymnothoraccs
723 2116 774 2158 et
824 2104 1097 2174 Mormyri
1154 2120 1211 2158 ca
1253 2103 1438 2158 detexit
1478 2103 1580 2157 Cu
1601 2097 1822 2155 vierii

224 2194 484 2249 industria.

298 2284 377 2337 De
428 2283 630 2337 ossibus
688 2282 991 2350 quibuscum
1035 2280 1087 2335 in
1129 2281 1234 2336 aliis
1274 2278 1573 2335 animalibus
1616 2292 1820 2344 compa-

172 2439 181 2452 ἡ
232 2372 383 2426 tanda
438 2383 606 2425 essent
666 2371 937 2439 opercula,
987 2369 1274 2425 incredibile
1310 2369 1451 2424 dictu
1488 2379 1566 2422 est
1604 2377 1820 2433 quanto·
1843 2386 1888 2408 κ.

222 2478 342 2530 pere
375 2460 638 2515 anatomici
689 2460 1004 2515 dissentiant.
1073 2458 1304 2515 Geoff
1314 2475 1432 2527 roy
1478 2456 1556 2510 St.
1604 2451 1817 2508 Hilai-

221 2563 293 2600 re
352 2564 457 2601 eam
508 2548 700 2616 primus
742 2547 955 2616 protulit
1001 2546 1311 2618 hypothesin
1334 2587 1354 2614 ‚
1408 2545 1549 2614 quod
1569 2583 1587 2610 ‚
1635 2541 1818 2596 minori

223 2635 358 2691 facto
405 2637 458 2689 in
516 2636 737 2703 piscibus
789 2637 996 2691 cerebro
1057 2649 1210 2703 atque
1253 2636 1412 2704 ipsius
1458 2631 1773 2700 receptaculo
1792 2669 1813 2696 ‚

221 2727 447 2795 sejuncta
476 2724 540 2778 ab
583 2724 698 2792 ipso
739 2726 908 2779 cranio
950 2726 1053 2780 sint
1077 2763 1096 2792 ,
1125 2737 1175 2778 et
1202 2725 1255 2777 in
1289 2722 1586 2792 operculum
1629 2730 1816 2773 mutata

219 2829 336 2868 ossa
389 2815 678 2884 temporalia
730 2831 787 2870 ac
837 2814 1118 2884 parietalia3
1183 2829 1334 2883 quam
1405 2825 1570 2868 tamen
1614 2807 1812 2878 opinio-

1662 2912 1776 2951 nem
1793 2935 1815 2964 ,

273 3043 383 3094 (k)
420 3042 758 3085 Blainville
795 3045 993 3086 Bulletin
1029 3045 1082 3086 de
1119 3045 1166 3086 la
1211 3046 1308 3086 Soc.
1354 3042 1538 3097 philom.
1579 3038 1694 3092 1817·
1746 3046 1794 3089 P·

226 3121 318 3158 10⁴·
373 3125 470 3164 sqq·
524 3125 568 3156 et
618 3115 659 3156 in
712 3116 997 3159 Meckelii
1039 3116 1225 3158 Archiv·
1265 3115 1348 3161 IV.
1381 3116 1432 3158 S.
1473 3111 1570 3164 2630
1612 3110 1800 3158 0keu,

228 3181 320 3224 Isis
362 3184 480 3229 ιβιδ.
522 3184 558 3230 1.
596 3187 646 3232 S.
686 3197 782 3241 509.
826 3185 938 3239 [31,
982 3187 1161 3231 Mittles
1204 3183 1477 3238 lochbeinte’]

1080 3254 1199 3324 La
