2266 3923
579 209 660 293 DE*
727 239 1067 296 SCELETo
1136 242 1447 301 PISCIUM.
1705 268 1796 307 101
1869 218 1873 221 ’

467 1082 1132 1136 CAPUT
1308 1086 1497 1144 VII.

348 1308 422 1346 DE
461 1308 679 1346 ossmns
717 1309 792 1346 AD
833 1310 1256 1349 GENERATIONIS
1294 1313 1604 1355 OFFICINAM

413 1397 418 1402 ⁴
728 1415 1210 1456 PERTINENTIBUS.

877 1672 1042 1685 0-—

159 1819 258 1936 P
262 1887 408 1941 elvim
470 1887 686 1951 piscium
743 1889 842 1956 jam
893 1906 1044 1956 supra
1093 1891 1448 1958 descripsimus
1494 1895 1523 1962 <
1538 1912 1590 1961 p.
1648 1901 1751 1966 69,

156 1975 298 2040 70),
337 1984 387 2026 et
425 1975 713 2028 monuimus
767 1977 914 2028 simul
955 1995 1059 2030 non
1113 1980 1206 2032 nisi
1253 1981 1304 2032 in
1352 1983 1751 2054 chondroptery-

154 2063 248 2131 giis
297 2063 401 2117 veri
459 2062 676 2114 nominis
720 2063 903 2127 pelvim
942 2067 1133 2117 adesse.
1210 2068 1308 2119 Sed
1341 2069 1389 2119 in
1420 2087 1597 2137 genere
1628 2076 1744 2128 Ra-

131 2149 332 2217 jarum'
379 2164 529 2217 atque
578 2150 897 2219 chmlorzmz
934 2154 1115 2206 adsunt
1159 2169 1410 2219 praeterea
1440 2159 1488 2210 in
1522 2163 1739 2217 maribus

146 2240 485 2309 appendices,
549 2240 689 2307 juxta
748 2240 1002 2307 vulgarem
1074 2242 1164 2294 hac
1231 2245 1291 2296 de
1345 2263 1398 2298 re
1451 2249 1740 2314 opinionem

140 2330 205 2383 ad
251 2328 529 2381 retinendas
583 2327 636 2378 in
675 2328 814 2379 co'itu
855 2326 1096 2381 foeminas
1129 2329 1187 2382 iis
1222 2331 1564 2390 inservientes.
1634 2340 1737 2394 Rc-

138 2419 401 2486 periuntur
437 2431 570 2483 pone
610 2415 791 2482 pelvim
838 2417 900 2468 ad
947 2429 1218 2483 utrumque
1255 2424 1438 2477 caudae
1477 2427 1640 2493 latus,
1686 2442 1734 2482 et

137 2505 453 2572 cartilagineo
495 2515 734 2570 apparatu
785 2504 935 2561 intus.
961 2506 1341 2563 suffulciuntur.

205 2595 265 2652 In
310 2593 458 2661 Rasa
504 2593 632 2645 rubo
683 2593 774 2644 hae
816 2594 1115 2659 appendices
1147 2596 1506 2665 longitudinem
1540 2605 1723 2657 habent

131 2685 342 2739 duarum
397 2682 609 2748 partium
640 2683 892 2737 tertiarum
939 2684 1099 2750 ipsius
1135 2688 1351 2754 caudae;
1387 2692 1446 2743 ad
1489 2694 1618 2747 latus
1650 2695 1725 2747 in·

131 2784 330 2826 ternum
377 2770 558 2836 pinnae
607 2771 839 2822 venti-alis
889 2787 1004 2824 cum
1039 2773 1173 2838 pelvi
1211 2775 1501 2832 cohaerent.
1575 2781 1717 2834 Intus

127 2877 249 2915 vero
304 2860 470 2913 nullos
527 2859 691 2912 radios
728 2858 898 2912 ferunt
946 2860 1022 2913 uti
1063 2861 1242 2927 pinnae
1286 2864 1453 2932 ipsae,
1505 2869 1595 2921 sed
1622 2881 1721 2921 tre-

127 2948 286 3001 decim
351 2949 578 3015 partibus
643 2949 966 3018 cartilagineis
992 2989 1010 3015 ,
1081 2951 1242 3006 forma
1291 2968 1340 3008 et
1383 2958 1718 3026 magnitudine

129 3037 370 3103 diversis,
435 3052 831 3106 componuntur.
926 3041 1057 3095 Tres
1096 3044 1288 3109 priores
1340 3047 1517 3101 breves
1559 3061 1716 3112 sunt,

127 3137 177 3178 et
218 3137 330 3178 ante
376 3143 428 3179 se
471 3129 678 3184 invicem
718 3131 769 3184 in
801 3131 925 3183 serie
953 3131 1245 3197 dispositae.
1295 3135 1505 3190 Primam
1532 3151 1718 3203 appen-

1005 3220 1058 3273 N
1099 3239 1125 3289 3
1644 3223 1712 3276 di-
