2266 3923
394 257 459 324 84
770 247 1609 326 DISSERTATIO

713 1060 1380 1147 CAPUT
1555 1087 1684 1142 v1.

501 1357 579 1399 DE
630 1321 877 1398 OSSIBUS⁴
909 1354 1105 1395 RESPIR
1115 1352 1317 1393 ATIONI
1368 1350 1875 1391 INSERVIENTIBUS·

1135 1605 1270 1626 —

397 1759 492 1884 In
523 1827 708 1883 horum
768 1822 963 1879 ossium
1015 1816 1351 1889 descriptione
1391 1836 1508 1875 eum
1560 1817 1844 1875 tenebimus
1907 1820 2012 1876 dis·

402 1920 602 1982 serendi
661 1930 867 1972 cursum
884 1953 905 1980 9
965 1923 1024 1966 ut
1081 1909 1300 1979 primum
1354 1909 1416 1963 de
1465 1908 1792 1965 exterioribus
1849 1910 2010 1966 simus

403 2008 620 2076 dicturi3
673 2005 790 2059 dein
838 2018 961 2058 vero
1006 2002 1068 2054 de
1116 2000 1178 2052 iis
1196 2038 1215 2064 ,
1269 2014 1399 2065 quae
1447 1998 1605 2067 magis
1639 1999 1832 2054 interna
1868 2012 2009 2055 sunt.

408 2097 681 2155 Ordiamur
721 2092 875 2162 igitur
921 2089 984 2144 ab
1026 2085 1288 2156 opercu10.

485 2278 518 2346 §
559 2291 607 2330 1.
680 2270 768 2327 De
802 2266 994 2324 ossibus
1032 2264 1332 2340 operculum
1367 2264 1777 2339 componentibus
1812 2268 1880 2337 (ἱ
1896 2267 1950 2336 ).

492 2448 764 2507 Branchias
827 2445 984 2516 tegit,
1035 2460 1310 2512 earumque
1351 2459 1579 2513 magnam
1623 2459 1761 2512 pone
1799 2443 2023 2499 cranium

425 2541 576 2597 efficit
633 2550 918 2609 aperturam
988 2531 1143 2587 series
1190 2530 1532 2587 ossiculorum
1552 2569 1573 2598 ‚
1629 2548 1757 2599 quae
1804 2533 2024 2587 arcubus

427 2628 798 2685 branchialibus
819 2665 838 2692 ,
876 2621 1024 2679 simili
1082 2619 1188 2674 fere
1235 2620 1427 2674 ratione
1467 2637 1524 2674 ac
1576 2623 1779 2688 scapula
1824 2622 1878 2675 in
1931 2624 2028 2678 ho-

427 2720 562 2775 mine
606 2718 796 2783 costis,
849 2711 1239 2782 superimposita
1287 2723 1385 2766 est.
1457 2711 1692 2782 Quatuor
1720 2712 1876 2781 vulgo
1903 2728 2027 2767 enu-

431 2821 688 2864 merantur
744 2803 1234 2878 prae-opereulum
1286 2800 1450 2870 (α),
1504 2802 1802 2874 operculum
1860 2802 2032 2856 stricte

436 2898 629 2954 dictum
671 2896 824 2967 (β),
873 2893 1269 2966 suboperculum
1311 2893 1446 2964 (γ)
1481 2905 1634 2960 atque
1678 2896 2034 2963 interopercu-

443 2986 553 3040 lum
601 2986 744 3056 (δ).
816 2983 1088 3055 Superiora
1140 2999 1319 3039 versus
1371 2984 1668 3054 operculum
1720 2999 1837 3040 cum
1895 2995 2038 3051 parte

1906 3084 2039 3143 tym-

503 3178 603 3237 (i)
639 3179 752 3225 Vide
790 3183 894 3236 Εἰς.
937 3194 981 3227 2.
1022 3200 1077 3234 α,
1121 3182 1183 3235 β,
1223 3197 1286 3236 y.
1329 3183 1376 3226 e.
