2266 3923
402 244 467 298 34
778 221 1611 302 nlssERTATm

405 377 734 447 scripsiinu5‚
799 387 1107 430 caeterorum
1179 375 1394 444 piscium
1463 373 1846 443 comparandam
1865 411 1886 439 ‚
1953 371 2008 424 in

413 469 542 524 vivis
604 464 895 520 animalibus
961 467 1104 535 juxta
1168 465 1365 519 Homi
1389 480 1494 518 um
1557 465 1779 520 fluidam.
1871 461 2018 530 Quae

415 575 536 614 vero
621 567 873 620 tamquam
957 569 1171 621 corpora
1247 552 1589 607 vertebrarum
1675 547 2013 605 consideravit

421 642 835 709 SchulziuS,
892 642 1152 697 tubercula
1189 642 1521 710 processuum
1574 654 2018 704 transversorum,

418 737 501 791 hic
551 754 618 802 42
671 749 783 789 esse
833 735 936 798 ait,
1001 731 1379 787 Cuvierius
1425 734 1528 796 28,
1588 729 1886 784 Kuhlius
1930 730 2016 794 43.

420 828 589 880 Arcus
651 821 992 878 vertebrarum
1046 832 1097 872 et
1147 834 1420 885 processus
1474 817 1668 883 spinosi
1700 819 1753 869 in
1799 817 2021 882 Acipen-

422 931 533 969 sere
587 914 842 982 sejunctae
907 906 1217 974 cartilagines
1272 917 1411 958 sunt.
1485 905 1653 958 Arcus
1696 917 1804 958 tum
1847 919 1875 956 e
1918 917 2022 955 car-

421 1003 627 1072 tilagine
669 999 906 1053 continua
943 1008 992 1049 et
1039 997 1101 1048 ad
1142 994 1349 1048 caudam
1395 1009 1561 1059 usque
1607 995 1854 1060 producta
1899 1006 2023 1044 con-

424 1105 595 1159 stant,
647 1104 756 1145 tum
813 1104 873 1141 ex
922 1085 1085 1141 osseis
1130 1084 1358 1153 partibus
1404 1083 1690 1138 lateralibus
1710 1123 1730 1150 ,
1792 1098 1919 1150 quae
1962 1082 2026 1136 ad

420 1181 626 1251 pinnam
677 1180 924 1234 dorsalem
975 1193 1140 1243 usque
1180 1187 1523 1243 procurrunt,
1573 1187 1623 1227 et
1664 1191 1779 1228 cum
1823 1188 2029 1240 proces-

422 1271 568 1329 sibus
646 1269 865 1339 spinosis
940 1265 1131 1335 magnis
1195 1282 1251 1318 ac
1315 1275 1635 1331 postrorsum
1683 1262 2027 1330 spectantibus

427 1362 650 1428 amplum
695 1375 792 1427 pro
829 1356 1007 1425 spinali
1042 1355 1258 1408 medulla
1293 1354 1508 1406 canalem
1551 1351 1832 1404 efformant.
1916 1351 2041 1403 Pro-

426 1463 605 1502 cessus
673 1445 868 1511 obliqui
928 1443 1254 1509 triangulares
1316 1440 1628 1506 cartilagines
1685 1450 1839 1503 sunt,
1906 1452 2035 1503 quae

428 1536 696 1606 posteriori
755 1532 1199 1601 cartilagineaeque
1259 1528 1388 1597 parti
1432 1544 1639 1582 arcuum
1693 1526 2032 1581 vertebrarum

426 1626 698 1679 adhaerent
735 1622 877 1694 (g).

505 1712 767 1778 Polyodon
825 1710 1023 1778 folium
1094 1707 1404 1777 (Squalum
1465 1704 1731 1776 spatulam
1789 1704 1905 1772 L.)
1951 1720 2039 1758 co-

432 1803 657 1858 lumnam
696 1798 1038 1854 vertebrarum
1081 1795 1264 1849 habere
1309 1793 1520 1848 similem
1563 1810 1620 1848 ac
1659 1794 2034 1864 petromyzonti

430 1903 549 1958 est,
605 1888 988 1944 Cuvierius
1035 1898 1211 1940 auctor
1259 1895 1337 1938 est
1387 1884 1514 1951 (h).

508 1980 851 2035 Transeamus
922 1977 986 2030 ad
1038 1975 1203 2043 pisces
1255 1989 1463 2036 osse05‚
1518 1973 1571 2025 in
1618 1971 1803 2039 quibus
1871 1985 2037 2027 tamen

432 2070 607 2141 paucis
674 2066 1026 2135 defungemur.
1144 2063 1549 2132 Orthagoriscus
1617 2064 1758 2114 mola
1831 2064 1865 2116 S
1885 2064 1964 2116 ch
1983 2079 2040 2117 n.

443 2177 507 2229 17
577 2156 831 2214 vertebras
895 2153 1045 2208 habet
1099 2152 1449 2220 apophysibus
1495 2152 1788 2205 transversis
1831 2153 2038 2208 destitu-

439 2263 553 2314 ωε,
602 2259 652 2301 at
710 2261 771 2299 eo
824 2240 1137 2311 longioribus
1177 2239 1500 2308 processibus
1547 2240 1768 2307 spinosis
1824 2259 2042 2310 superne

438 2351 593 2403 atque
657 2332 852 2387 inferne
907 2331 1218 2398 instructa33
1290 2341 1507 2396 quatuor
1547 2329 1739 2396 priores
1786 2332 2042 2385 vertebrae

443 2426 526 2480 his
590 2423 737 2478 etiam
799 2431 1001 2487 carent3
1082 2436 1110 2473 a
1187 2418 1362 2486 quinta
1422 2433 1543 2472 vero
1611 2418 1856 2486 incipiunt
1920 2437 2040 2488 pro-

446 2531 622 2569 cessus
662 2512 875 2582 ·spinosi
943 2509 1227 2579 superiores
1251 2549 1270 2576 ‚
1356 2526 1384 2563 a
1436 2507 1626 2563 decima
1684 2509 1796 2564 inde
1839 2509 2043 2565 inferio-

446 2620 528 2679 res
572 2604 629 2673 (i
645 2603 697 2672 >-

1927 2687 2044 2743 Sal-

510 2872 616 2925 (g)
669 2869 780 2912 Vide
831 2865 1037 2909 Kublii
1086 2867 1316 2919 Beicrc'ige.
1361 2868 1411 2910 S.
1472 2866 1691 2919 188-193·
1741 2862 1813 2904 Cf·
1867 2861 2038 2902 Home

461 2941 673 2982 Lectures
716 2941 754 2982 l.
799 2949 847 2993 p.
892 2939 972 2990 87,
1014 2937 1084 2979 880
1982 2929 1990 2937 ’

514 3010 622 3061 (h)
664 3011 812 3062 Regna
855 3008 1032 3048 Animal
1074 3005 1132 3050 11.
1174 3015 1221 3058 p.
1262 3017 1354 3058 ¹43.

509 3074 596 3130 (i)
633 3079 914 3121 Schultze
966 3079 1022 3120 L.
1064 3077 1121 3118 J..
1168 3078 1217 3118 S.
1260 3090 1367 3128 355,
1410 3075 1502 3127 356.
1545 3073 1642 3115 vide
1689 3071 1811 3112 etiam
1852 3072 1953 3122 Εἰς.
1994 3070 2041 3114 6.

461 3151 519 3193 ib.
569 3150 793 3192 Caeterum
841 3137 996 3192 sceleta
1043 3147 1216 3200 piscium
1259 3147 1547 3189 nonnullorum
1581 3156 1603 3184 e
1643 3144 2033 3185 Sclerodermatum
