2266 3923
662 239 738 290 ns
813 229 1187 288 scELETo
1231 230 1544 288 mserum.
1836 245 1905 305 as

307 394 531 456 dicatur,
594 402 720 452 quae
782 388 909 441 inter
960 398 1113 453 caput
1160 396 1210 438 et
1251 384 1505 439 thoracem
1551 382 1718 436 locum
1763 395 1901 438 tenet

307 473 668 533 intermedium.
745 476 880 528 Cum
923 491 1044 528 vero
1109 472 1323 540 piscium
1370 473 1551 526 thorax
1590 469 1687 523 sub
1731 474 1899 527 cranio’

306 565 412 620 fere
486 562 685 631 positus
754 563 862 629 sit,
948 575 997 616 et
1074 561 1407 616 extremitates
1477 558 1748 614 anteriores
1818 560 1907 617 ubi

305 653 487 707 adsunt
544 663 664 717 post
739 651 992 704 thoracem
1055 665 1159 702 non
1221 662 1334 703 ante
1369 642 1501 704 ‘eum
1556 647 1904 716 reperiantur,

302 738 376 794 uti
424 751 601 805 postea
652 736 931 790 videbimus
956 773 975 801 ‚
1026 735 1211 802 cuique
1253 751 1460 804 apparet
1487 737 1674 792 collum
1721 736 1773 790 in
1798 737 1900 805 pis-

297 824 440 880 cibus
490 825 678 878 deesse.
753 822 937 888 Neque
982 823 1043 876 de
1091 821 1331 878 vertebris
1392 824 1736 894 lumbaribus,
1771 843 1900 896 quas

299 914 465 967 anales
516 911 946 982 (Afterwirbel)
996 912 1193 966 vocavit
1238 910 1671 981 Rosenthal,
1729 916 1773 969 si
1822 932 1902 972 ac-

302 1014 473 1058 curate
526 1001 578 1056 in
621 1018 726 1056 rem
774 1001 1086 1071 inquiramus
1133 1016 1299 1055 sermo
1352 1017 1464 1055 esse
1516 1002 1721 1069 poterit.

373 1093 625 1149 Caudales
681 1093 832 1162 igitur
890 1093 1000 1146 illas
1068 1091 1281 1159 piscium
1337 1091 1592 1147 vertebras
1652 1093 1864 1149 dicimus
1883 1134 1905 1161 ,

303 1198 434 1249 quae
470 1181 664 1235 inferne
709 1181 927 1234 canalem
981 1177 1201 1234 formant
1222 1219 1241 1246 ‚
1282 1195 1388 1247 quo
1425 1185 1565 1235 aorta
1615 1183 1903 1240 includitur.

302 1269 464 1324 Simili
509 1270 701 1324 ratione
751 1285 808 1324 ac
854 1270 1071 1325 canalem
1114 1269 1424 1337 superiorem
1459 1286 1556 1338 pro
1603 1271 1781 1339 spinali
1817 1287 1904 1327 su-

301 1357 562 1425 perioreS‚
629 1360 775 1414 etiam
820 1359 1105 1414 inferiorem
1146 1362 1283 1415 hunc
1342 1362 1629 1430 apophyses
1671 1362 1904 1429 spinosae

299 1446 564 1501 inferiores
610 1450 849 1507 efficiunt.
940 1449 1236 1518 Superiores
1282 1467 1404 1505 vero
1461 1452 1751 1519 apophyses
1800 1451 1904 1518 spi-

302 1551 457 1590 nosae
511 1536 754 1590 vertebriS
810 1553 1105 1592 communes
1169 1551 1288 1592 sunt
1347 1539 1629 1592 dorsalibus
1688 1538 1902 1592 caudali-

297 1624 519 1691 busque.

367 1712 630 1768 Vertebris
691 1713 972 1768 dorsalibus
1029 1729 1057 1767 a
1118 1715 1267 1768 latere
1332 1729 1550 1769 annexae
1600 1716 1899 1783 plerumque

301 1810 424 1859 sunt
441 1815 788 1868 transversae,
827 1802 1013 1869 quibus
1042 1816 1212 1857 costae
1242 1803 1508 1858 adhaerent
1528 1844 1546 1870 ‚
1582 1804 1897 1872 apophyseS.

296 1892 379 1947 De
443 1892 525 1944 his
583 1890 741 1943 costis
805 1889 1091 1944 videbimus
1157 1904 1355 1959 postea.
1427 1892 1701 1947 Vertebrae
1748 1894 1900 1960 capiti
1967 1942 1970 1946 ,

294 1979 588 2049 proximae,
642 1994 772 2045 quae
820 1990 987 2032 costas
1037 1993 1142 2033 non
1187 1979 1392 2046 ferunt,
1441 1998 1525 2033 eae
1573 1993 1729 2048 sunt,
1769 1999 1896 2049 quas

298 2067 424 2121 colli
474 2067 705 2121 dixerunt
760 2065 1137 2121 Cuvierius
1209 2066 1410 2134 aliique.
1483 2068 1602 2123 Una
1645 2072 1891 2140 ejusmodi

296 2156 350 2210 in
409 2155 662 2224 plerisque
713 2167 906 2211 tantum
976 2158 1130 2211 modo
1180 2158 1350 2223 adest,
1404 2175 1438 2225 4
1476 2175 1597 2213 vero
1644 2161 1696 2213 in
1737 2152 1902 2217 Esoc'e

305 2247 442 2299 lucio
479 2255 531 2298 et
579 2245 776 2316 Clupea
828 2247 1057 2316 harengo
1123 2246 1478 2314 reperiuntur,
1535 2248 1636 2301 imo
1685 2251 1718 2302 6
1758 2252 1901 2319 Juxta

296 2333 739 2389 Schultzium
797 2336 1001 2404 Conger
1039 2335 1283 2404 vulgaris
1342 2336 1534 2404 habet,
1586 2338 1675 2405 qui
1722 2354 1896 2394 nume-

291 2441 379 2481 rus
429 2424 714 2479 istiusmodi
760 2423 1097 2477 vertebrarum
1118 2464 1137 2490 ,
1174 2437 1418 2491 quantum
1471 2442 1532 2479 ex
1581 2426 1892 2494 Cuvielrii

291 2512 794 2587 Schu‘ltziique
848 2513 1147 2567 concludere
1209 2513 1322 2567 licct
1389 2514 1614 2582 tabulis,
1663 2517 1890 2583 omnium

291 2615 370 2655 est
425 2602 691 2655 maximus,
763 2600 872 2654 Hae
924 2600 1216 2667 vertebrae,
1271 2617 1388 2656 cum
1456 2616 1622 2658 costas
1671 2619 1776 2658 non
1817 2606 1891 2676 fe·

290 2701 438 2756 rant,
486 2692 697 2758 majores
742 2704 792 2744 et
842 2688 1042 2744 latiores
1103 2691 1394 2760 apophyses
1448 2707 1756 2746 transversas
1804 2694 1890 2748 ha-

294 2779 416 2833 bent
440 2817 459 2845 ,
514 2780 661 2848 cujus
712 2779 782 2832 rei
828 2779 954 2833 ratio
1002 2795 1063 2833 ex
1092 2779 1183 2843 iis,
1222 2796 1350 2845 quae
1377 2781 1491 2835 dein
1521 2781 1886 2850 disputabimus

291 2869 570 2923 luculenter
623 2867 674 2919 ni
710 2867 857 2921 fallor
881 2907 899 2932 ‚
950 2865 1226 2934 apparebit.

357 2957 515 3028 Quod
558 2955 619 3009 ad
659 2956 947 3025 apophyses
998 2955 1228 3022 spinosas
1281 2974 1394 3012 cum
1447 2958 1732 3027 superiores
1776 2972 1885 3015 tum

295 3045 553 3104 inferiores
600 3046 917 3116 longissimae
966 3057 1114 3110 sunt,
1154 3046 1211 3101 iis
1245 3048 1532 3116 praesertim
1563 3049 1612 3104 in
1659 3049 1882 3118 piscibus

1084 3133 1132 3186 D
1535 3179 1537 3182 Α
1756 3155 1881 3206 quo-

228 3210 300 3226 Q
