2266 3923
607 250 682 290 nn
754 224 1093 289 scELETo
1160 208 1477 290 piscmM.
1669 191 1675 194 ⁵
1776 256 1845 310 ῃ

255 387 511 444 'numerosi
528 420 552 452 -,
604 385 790 453 quibus
819 398 1003 440 armata
1051 398 1128 441 est
1170 388 1364 443 maxilla
1406 390 1636 458 superior
1654 429 1674 458 ,
1713 396 1852 460 pala-

257 479 372 532 tinis
418 473 618 532 ossibus
665 474 932 529 adhaerent
972 466 1114 540 (b.
1188 477 1243 530 Si
1284 476 1346 531 ab
1387 494 1534 533 esoce
1573 479 1636 532 ad
1682 483 1851 545 maxil-

254 557 413 619 larum
478 564 532 615 in
587 554 785 634 Squalo
827 567 1079 635 squatina
1138 571 1448 622 transeamus
1492 581 1696 622 examen
1710 606 1729 633 ,
1780 567 1852 623 fa-

253 644 347 706 'elle
409 651 576 704 omnia
638 664 759 705 ossa
773 689 798 717 ,
856 651 1042 718 quibus
1105 658 1483 722 componuntur
1499 696 1518 723 ,
1582 670 1850 726 agnoscere

247 738 550 807 poterimus.

321 827 442 880 Pars
487 818 728 893 quaedam
771 835 1018 896 suspensa
1050 827 1119 882 illi
1147 823 1299 884 cranii
1341 833 1511 900 parti,
1562 839 1712 902 quam
1738 838 1854 889 cum

250 905 457 969 frontali
496 916 764 984 posteriori
793 926 842 970 et
877 933 992 971 osse
1023 908 1298 973 ma‘stoideo
1343 936 1630 1004 comparare
1669 938 1854 989 possu-

250 1016 366 1058 mus
385 1045 417 1071 ,
473 1012 738 1073 utramque
797 1007 1042 1060 maxillam
1086 1021 1236 1074 atque
1285 1025 1346 1064 os
1400 1010 1614 1078 hyo'ides
1656 1022 1854 1064 susten-

250 1100 344 1148 tat.
448 1085 640 1151 Ramus
713 1083 844 1149 illius
905 1095 1062 1163 partis
1080 1136 1099 1162 ,
1161 1113 1314 1163 quam
1381 1098 1481 1153 huc
1536 1115 1702 1166 usque
1756 1115 1856 1166 pro

250 1183 448 1236 maxilla
519 1182 766 1250 superiori
849 1181 1135 1236 habuerunt
1156 1222 1175 1249 ,
1257 1183 1433 1239 similis
1490 1198 1568 1240 est
1636 1185 1859 1241 inferiori

250 1270 474 1324 maxillae
529 1262 894 1338 magnitudine,
958 1270 1211 1338 positione
1265 1285 1314 1326 et
1334 1313 1352 1339 ,
1406 1273 1592 1340 quibus
1640 1275 1856 1331 instruc-

250 1372 303 1414 ta
349 1372 465 1426 est,
513 1361 766 1415 dentibus.
841 1351 941 1414 Sed
982 1378 1011 1415 a
1053 1363 1167 1415 loco
1216 1352 1304 1416 ubi
1347 1379 1463 1417 cum
1513 1356 1857 1422 sustentaculo

256 1464 355 1504 suo
417 1450 650 1504 cohaeret
710 1450 917 1516 oblique
983 1463 1268 1504 antrorsum
1326 1452 1615 1521 adscendit,
1688 1470 1864 1526 usque

255 1537 356 1592 sub
416 1543 523 1591 eam
588 1548 780 1604 partem
834 1529 1023 1602 cranii,
1089 1554 1218 1602 quae
1285 1546 1404 1591 cum'
1465 1543 1752 1601 ethmoi‘deo
1804 1559 1855 1600 et

251 1626 468 1680 vomeris
497 1643 616 1681 osse
653 1628 988 1694 comparanda
1031 1634 1128 1680 est.
1201 1627 1336 1680 Huic
1386 1629 1587 1695 quidem
1620 1635 1858 1704 ligamen·

251 1722 422 1772 ‘torum
477 1732 577 1786 ope
623 1719 887 1785 adhaeret,
945 1729 995 1770 et
1039 1729 1327 1770 antrorsum
1378 1732 1491 1771 ante
1551 1738 1656 1775 eam
1709 1712 1854 1779 ctiam

250 1806 579 1874 producitur,
637 1823 856 1873 cumque
919 1794 1142 1873 oppositi
1197 1805 1359 1859 lateris
1409 1823 1547 1862 ramo
1595 1801 1857 1881 conjungi.

250 1907 352 1949 tur.
442 1895 586 1948 Nihil
633 1908 710 1948 est
765 1911 939 1949 versus
1003 1896 1110 1963 ejus
1172 1895 1475 1963 marginem,
1549 1900 1689 1963 quod
1739 1906 1856 1955 cuin

249 1983 479 2051 palatinis
546 1984 709 2051 possit
767 1985 1079 2052 comparari,
1152 1985 1310 2050 ipsam
1356 1986 1508 2053 igitur
1563 1988 1688 2042 hanc
1742 2006 1854 2057 par-

253 2084 356 2126 tem
382 2087 552 2125 arcum
594 2071 865 2138 palatinum
913 2088 1059 2136 esse,
1100 2071 1286 2139 positio
1340 2075 1448 2142 ejus
1495 2088 1646 2143 atque
1693 2094 1853 2134 nexus

252 2163 633 2225 demonstrant,
702 2162 840 2228 quod
895 2174 1030 2214 extra
1084 2177 1284 2214 omnem
1345 2163 1702 2222 dubitationem
1761 2185 1854 2235 po-

199 2309 201 2311 ,
255 2264 438 2317 netur,
475 2251 751 2305 observatis
798 2251 996 2305 duabus
1047 2250 1274 2317 partibus
1304 2252 1669 2321 cartilagineis,
1729 2272 1857 2322 quae

254 2339 637 2408 ligamentorum
682 2354 780 2406 ope
822 2340 928 2408 ejus
978 2331 1215 2394 lateribus
1267 2340 1565 2408 adhaerent,
1616 2342 1667 2395 in
1708 2359 1856 2396 carne

251 2429 498 2482 labiorum
549 2429 888 2483 absconditae.
966 2431 1067 2484 Has
1098 2431 1237 2484 facile
1270 2448 1366 2498 pro
1420 2433 1639 2501 vestigiis
1684 2425 1854 2488 maxil-

247 2516 364 2570 laris
431 2529 584 2582 atque
650 2510 1040 2572 intermaxi'llaris
1104 2519 1233 2573 ossis
1303 2522 1493 2586 poteris
1559 2535 1848 2590 agnoscere.

252 2595 331 2659 Os
383 2599 761 2663 interrnaxillare
812 2626 1022 2676 parvum
1067 2625 1177 2676 est,
1230 2613 1384 2680 magis
1434 2626 1719 2668 antrorsum
1761 2632 1854 2683 po-

257 2683 411 2749 situm
458 2703 510 2746 et
555 2712 734 2750 versus
780 2697 931 2750 finem
981 2709 1324 2765 attenuatum3
1378 2717 1437 2754 os
1488 2702 1733 2757 maxillare
1766 2721 1853 2758 ve-

252 2794 313 2835 ro
379 2798 439 2836 ex
505 2783 690 2855 duplici
756 2797 897 2853 parte
961 2798 1192 2853 constat,
1256 2804 1468 2853 quarum
1528 2790 1733 2847 inferior
1791 2794 1857 2846 ad

1752 2895 1852 2933 ma-

311 3009 407 3061 (b)
448 3013 547 3053 Non·
581 3025 730 3055 omues
756 3015 953 3065 quidem,
997 3024 1044 3056 ut
1081 3026 1144 3057 est
1186 3017 1296 3067 apud
1337 3017 1674 3060 Cuvierlum
1716 3020 1770 3063 L.
1808 3023 1841 3065 l.

262 3087 306 3131 ρ’.
337 3091 439 3132 1223
482 3093 572 3121 nam
606 3084 688 3123 ossi
728 3083 1033 3125 intermaxillari
1074 3097 1242 3135 quoque
1283 3086 1510 3127 adhaerent
1549 3088 1724 3141 dentes,
1779 3088 1840 3131 uti

257 3149 382 3191 etiam
417 3154 498 3195 ossi
537 3152 727 3198 vomeris,

1145 3224 1260 3292 Kg
