2266 3923
401 234 478 291 ,σο
745 183 1637 289 -DtssERTATlo

408 382 611 443 siderari
626 425 646 455 ,
681 383 836 452 idque
860 400 923 438 eo
949 384 1109 454 magis
1140 384 1290 453 quia,
1335 383 1426 439 ubi
1465 385 1778 440 evolvuntur
1805 396 1972 441 costae
1986 394 2025 453 ‚'

408 479 629 533 minores
688 477 816 531 fiunt
879 477 1172 554 apophyses
1255 488 1609 545 transversae5
1665 492 1791 543 quae
1806 486 1833 544 ,’
1890 475 2012 529 defi-

405 567 658 621 cientibus
710 566 870 621 costis
889 607 910 636 ‚
985 568 1200 637 majores
1255 567 1491 622 evadunt.
1577 565 1695 619 Hoc
1763 564 1907 620 etiam
1957 562 2013 617 in

406 655 754 713 mammalibus
819 656 1118 714 observatur
1137 696 1157 725 ,
1231 669 1281 711 et
1358 657 1411 712 in
1487 655 1740 729 Delphina
1803 655 2033 709 Naar-2

404 748 538 802 nack
554 786 574 814 ,
627 746 720 802 La
734 762 762 800 c
779 748 806 802 ἐ
819 764 875 817 p.
950 745 1344 804 luculentissime
1412 746 1538 801 illud
1583 743 1716 814 vidi,
1789 744 1862 799 in·
1903 757 2010 810 quo

403 839 634 908 animali,
701 839 791 896 ubi
852 857 1029 897 versus
1090 840 1299 893 caudam
1353 838 1591 892 desinunt
1630 845 1800 889 costae
1816 871 1838 900 ,
1883 848 2007 899 apo-

405 928 587 999 physis
648 930 839 998 primae
897 926 1156 982 vertebrae
1174 965 1194 993 ,
1253 941 1382 992 quae
1433 927 1576 979 costa
1632 935 1795 989 caret,
1847 932 2009 974 trans-

404 1033 549 1077 versa
593 1011 795 1089 longior
834 1017 999 1074 multo
1042 1016 1102 1071 fit
1134 1016 1548 1084 praecedentibus
1594 1026 1748 1084 atque
1791 1010 1962 1066 latior.

749 1196 783 1263 S
820 1210 870 1263 3.
942 1191 1027 1247 De
1065 1191 1298 1247 ossiculis
1349 1190 1654 1246 Artedii.

475 1371 675 1427 Praeter
737 1385 855 1424 ossa
916 1358 1160 1423 sceletum
1200 1367 1418 1436 piscium
1461 1364 1774 1422 conficientia
1792 1403 1812 1432 ,
1863 1379 2013 1431 quae-

405 1461 521 1516 dam
580 1460 727 1514 etiam
791 1460 845 1513 in
908 1458 1136 1527 piscibus
1191 1457 1354 1513 osseis
1413 1467 1692 1512 cernuntur
1758 1453 2014 1521 ossicula,

404 1569 536 1621 quae
577 1551 732 1605 libera
760 1564 974 1617 prorsus
1024 1547 1246 1602 suntab
1283 1544 1421 1600 omni
1458 1561 1576 1599 cum
1616 1544 1802 1598 sceleto
1843 1559 2014 1610 nexu,

405 1652 457 1694 et
502 1640 631 1692 inter
674 1636 1026 1693 musculorum
1070 1646 1226 1688 strata
1273 1633 1430 1688 totius
1482 1632 1588 1687 fere
1631 1632 1861 1702 corporis
1913 1631 2017 1685 dis·

405 1744 576 1799 persa.
848 1734 852 1737 '

474 1816 732 1873 Dicuntur
787 1812 1012 1869 ossicula
1062 1813 1417 1866 musculorum
1462 1829 1506 1866 s.
1550 1808 1837 1865 Artedii.
1914 1809 2018 1863 Te4-

405 1905 528 1961 nuia
588 1917 711 1961 sunt
727 1944 746 1973 ‚
811 1913 862 1956 et
918 1900 1162 1957 musculis
1178 1941 1198 1968 ‚
1265 1901 1452 1969 quibus
1502 1914 1624 1956 sunt
1667 1898 1824 1953 veluti
1865 1896 2019 1952 inter·

398 1997 568 2067 jecta,
617 1991 924 2050 sustinendis
966 1990 1266 2044 inserviunt.
1359 1991 1494 2044 Cum
1552 1990 1605 2041 in
1664 1987 1890 2056 piscibus
1938 1986 2013 2042 vi-

405 2095 551 2154 geat,
601 2095 652 2137 et
700 2081 852 2137 nullis
901 2079 1008 2134 fere
1071 2077 1512 2132 circumscribatur
1557 2077 1799 2132 limitibus
1847 2089 2019 2131 osteo-

405 2172 604 2242 genesis
624 2211 644 2239 ,
681 2185 789 2224 non
847 2167 1045 2223 difficile
1089 2179 1167 2220 est
1217 2183 1393 2221 eorum
1438 2167 1680 2236 originem
1718 2167 2013 2236 intelligere.

403 2262 605 2317 Eodem
655 2261 768 2330 jure
824 2259 888 2312 ad
959 2256 1248 2326 systematis
1298 2255 1477 2310 fibrosi
1539 2256 1689 2310 vitam
1751 2273 1899 2322 quam
1950 2257 2014 2309 ad

414 2367 522 2404 eam
590 2345 877 2418 systematis
944 2345 1119 2411 ossei,
1175 2345 1512 2399 ossiculorum
1579 2345 1853 2399 Artedii
1914 2346 2016 2399 vita

409 2439 585 2495 referri
617 2454 773 2506 posse
814 2435 1033 2491 videtur.
1109 2434 1163 2487 Si
1203 2432 1356 2502 igitur
1406 2447 1729 2501 quaereretur
1771 2452 1798 2488 e
1827 2435 1976 2488 nobis
1995 2475 2016 2501 ,

412 2546 534 2585 cum
577 2528 883 2596 quibusnam
926 2524 980 2577 in
1023 2522 1228 2576 homine
1260 2522 1487 2589 partibus
1534 2541 1591 2577 ea
1626 2525 1842 2579 ossicula
1879 2540 2019 2577 com-

410 2619 630 2689 paranda
697 2633 810 2672 esse
852 2629 1185 2679 censeamUS,
1235 2628 1293 2665 ea
1331 2628 1448 2667 cum
1495 2613 1728 2671 ossiculis
1779 2616 2017 2669 sesamoi-

415 2708 525 2764 deis
565 2722 854 2776 comparare
896 2718 1003 2759 non
1046 2701 1408 2757 dubitaremus.

663 2882 695 2950 §
729 2897 784 2949 4.
858 2878 942 2933 De
985 2875 1170 2931 ossibus
1205 2876 1406 2949 pinnae
1437 2875 1751 2949 pectoralis.

493 3053 702 3109 Pinnam
767 3050 1072 3120 pectoralem
1140 3064 1259 3104 cum
1321 3046 1553 3103 anteriori
1620 3045 2016 3102 vertebratorum

426 3141 707 3200 animalium
752 3140 1059 3197 extremitate
1096 3140 1479 3206 comparandam
1519 3151 1628 3190 esse
1669 3148 2017 3204 caeterorum,

1926 3243 2027 3297 jam
