2266 3923
598 310 675 350 m:
748 284 1088 352 scELETo
1156 280 1468 352 PtscmM.
1761 299 1830 372 67

299 448 457 524 Quod
503 447 566 503 ad
612 464 729 504 ossa
769 448 907 517 carpi
953 449 1130 503 attinet
1170 448 1224 502 in
1277 448 1579 515 quibusdam
1624 458 1818 512 tantum

227 542 440 611 piscium
483 540 751 608 generibus
791 539 1124 607 ‘reperiuntur
1169 537 1440 606 distincta3
1477 538 1531 592 in
1562 539 1816 610 plerisque

225 633 305 688 vel
361 645 478 685 cum
531 630 736 684 ossibus
797 631 1101 698 phalangum
1155 647 1200 685 s.
1270 629 1451 697 pinnae
1494 629 1642 684 radiis
1690 647 1813 686 con-

214 722 387 790 juncta
444 732 601 786 sunt,
674 721 754 773 vel
824 734 921 786 pro
984 733 1127 786 parte
1173 737 1289 775 cum
1340 721 1488 774 radiis
1537 721 1811 792 coaluere,

214 806 295 863 vel
359 808 576 875 denique
638 823 852 874 prorsus
913 807 1275 862 desiderantur.
1349 808 1496 863 Radii
1545 814 1812 879 pinnarum

213 909 470 964 tamquam
514 897 783 967 phalanges
830 899 1178 953 considerandi
1218 907 1340 953 sun't
1382 900 1522 967 (0).

287 989 471 1056 Longe
526 988 617 1042 alia
671 989 860 1043 fabrica
926 1000 1003 1042 est
1046 989 1098 1041 in
1142 988 1618 1057 chondropterygiis
1661 991 1736 1060 (p
1755 991 1803 1057 ).

211 1074 270 1130 In
321 1077 483 1145 Rafjis
543 1080 726 1146 pinnae
784 1080 1064 1147 pectorales
1119 1093 1323 1146 magnas
1375 1079 1482 1132 illas
1548 1080 1647 1133 alas
1698 1079 1804 1136 for-

207 1176 383 1232 mant,
458 1183 486 1219 a
536 1167 722 1233 quibus
769 1166 999 1234 corporis
1042 1167 1202 1234 figura
1240 1166 1567 1236 rhomboidea
1620 1170 1805 1237 depen-

207 1253 312 1306 det.
383 1254 556 1308 Radiis
582 1267 979 1328 „componuntur
1026 1255 1345 1322 numerosis,
1412 1255 1800 1325 approximatiS‚

205 1349 269 1397 ex
325 1344 558 1412 pluribus
622 1344 840 1398 articulis
887 1343 1181 1411 compositis
1224 1346 1255 1404 <
1272 1345 1369 1414 q).
1447 1345 1638 1398 Omnes
1680 1346 1802 1399 radii

200 1431 472 1500 cartilagini
517 1433 818 1499 adhaerent,
871 1450 1001 1500 quae
1049 1433 1474 1505 longitudinalitcr
1515 1451 1543 1488 a
1589 1452 1797 1504 quoque

196 1521 372 1588 spinae
421 1522 572 1575 latere
626 1522 830 1589 posita,
879 1535 931 1576 et
984 1524 1265 1590 paullulum
1318 1535 1524 1578 curvata
1568 1536 1665 1577 est.
1734 1525 1796 1577 In

195 1609 322 1663 duas
390 1619 555 1663 tresve
621 1621 788 1675 partes
831 1620 1003 1675 potest
1055 1608 1234 1675 dividi,
1287 1621 1338 1661 et
1377 1608 1636 1677 superiora
1682 1626 1793 1665 vcr-

197 1712 291 1752 sus
317 1710 435 1751 cum
470 1697 563 1751 alia
613 1695 937 1766 conjungitur
957 1736 975 1762 ‚
1012 1695 1217 1749 firmiter
1256 1695 1428 1763 spinae
1472 1699 1785 1754 adhaerente.

192 1783 434 1839 Inferiora
491 1801 669 1840 versus
713 1783 1058 1837 transversalis
1100 1783 1238 1836 adest
1294 1783 1530 1852 cartilago
1571 1786 1788 1842 clavicu-

185 1864 337 1942 lariS,
398 1889 527 1942 quae
575 1886 838 1940 utramque
882 1872 1129 1925 lateralem
1181 1871 1444 1941 conjungit
1461 1912 1479 1938 ‚
1533 1887 1583 1928 et
1624 1876 1782 1931 valida

185 1951 282 2020 est.
368 1964 427 2019 In
490 1963 702 2034 Squalis
726 2000 746 2028 ,
813 1977 1033 2026 quorum
1074 1959 1257 2026 pinnae
1306 1961 1582 2026 pectorales
1631 1965 1783 2033 longe

1692 2052 1786 2107 mi-
1851 2113 1855 2116 ,

234 2157 334 2215 (o)
376 2157 663 2207 Geofftoy
701 2157 768 2197 St.
799 2152 1027 2194 Hilaire
1068 2152 1126 2194 ib.
1167 2162 1210 2205 p.
1253 2154 1348 2202 368.
1393 2155 1464 2197 Cf.
1506 2166 1555 2208 p.
1595 2168 1770 2209 372·-

185 2231 418 2274 Okcnus
456 2240 557 2268 vero
589 2224 727 2266 radios
762 2223 976 2275 pinnarum
1006 2233 1090 2262 non
1128 2234 1202 2272 pro
1230 2222 1453 2275 digitorum
1492 2225 1766 2279 phalangibus

181 2299 397 2353 agnoscit,
449 2299 523 2337 sed
575 2304 785 2343 tamquam
838 2291 1046 2344 unguibus
1094 2290 1292 2343 analogos
1331 2293 1584 2341 considerat.
1653 2299 1764 2340 Vide

181 2369 301 2422 ejus,
331 2368 558 2410 Lelzrbuch
587 2367 665 2405 der
695 2362 1102 2415 Naturgeschichte
1129 2361 1270 2402 IIIter
1285 2363 1366 2406 Th.
1399 2374 1444 2406 2.
1478 2366 1613 2411 Abth.
1646 2369 1762 2414 1816.

177 2443 282 2486 8vo.
317 2441 366 2481 S.
414 2446 481 2480 10.
528 2435 600 2478 Cf.
635 2433 1041 2485 Naturgesclziclzte
1061 2429 1146 2482 fis'r
1163 2433 1382 2485 Seleucen),
1413 2435 1608 2492 Leipzig
1638 2439 1753 2483 1821.

166 2512 271 2555 8vo.
313 2513 361 2553 S.
403 2520 473 2563 95.

219 2578 323 2635 (p)
374 2575 599 2620 Cuvier
651 2575 817 2626 Lep-ons
855 2572 894 2613 1.
943 2581 988 2625 p.
1024 2584 1119 2623 332.
1161 2573 1367 2615 Kuhl’s
1408 2578 1623 2631 Beitrdge
1661 2592 1751 2621 zur

171 2651 321 2702 vergl.
365 2650 572 2689 Anatom.
604 2649 653 2691 S.
696 2644 916 2698 185-187.
973 2643 1154 2684 Accedit
1190 2642 1284 2684 icon
1323 2648 1594 2689 extremitatis
1635 2660 1751 2690 ante.

172 2719 290 2763 rioris
325 2720 572 2772 Squatinae
608 2719 751 2759 laevis
792 2714 901 2756 Tab.
944 2714 1052 2755 Vn.
1095 2716 1197 2765 Fig.
1240 2727 1282 2756 2.

218 2789 322 2842 (q)
361 2818 398 2840 „
427 2787 514 2829 Die
552 2787 808 2837 knorpligen
849 2785 1063 2824 stramen
1105 2784 1184 2822 der
1222 2795 1409 2834 grossen
1448 2786 1751 2838 Brustflossen

169 2861 271 2903 sind
311 2861 413 2900 sehr
453 2861 562 2910 lang
601 2857 688 2897 und
725 2854 984 2902 zablreich,
1017 2854 1103 2892 und
1143 2852 1350 2894 beweisen
1392 2856 1472 2894 den
1499 2856 1744 2906 Kraftauf-

164 2930 295 2972 wand
345 2930 424 2970 der
475 2928 626 2969 Natu!
678 2938 744 2966 um
787 2926 879 2965 cine
916 2925 1199 2964 Extremiteit
1240 2936 1342 2965 zum
1383 2926 1645 2967 Vorsclzeine
1681 2940 1742 2968 zu

168 2999 386 3051 bringen:
439 2999 503 3039 sie
555 2998 729 3048 spalten
783 2996 872 3034 sich
933 2995 976 3033 in
1032 2994 1165 3034 ilat-em
1211 2993 1438 3045 Verlauf,
1480 2998 1567 3036 und
1609 2996 1746 3037 haben

170 3071 285 3111 viele
325 3071 489 3109 Knoten
519 3068 620 3107 oder
663 3064 1036 3115 angesclzwollene
1079 3063 1478 3107 Gelenkstellen,”
1535 3067 1737 3109 Trevi.

163 3149 332 3180 ranus
361 3137 402 3177 in
442 3132 873 3178 Wiedemannii
915 3132 1099 3175 Archiv.
1137 3131 1219 3175 IV.
1258 3145 1283 3173 2
1328 3135 1374 3175 S.
1417 3142 1483 3182 70.

1044 3203 1135 3257 12
