2266 3923
515 249 592 287 DE
668 230 1008 287 SCELETO
1084 231 1393 288 PISClUM.
1681 250 1776 310 107

188 398 330 451 mae,
367 383 657 451 hominique
715 391 911 453 semper
976 383 1222 439 mirandae
1267 397 1470 440 naturae
1531 389 1774 455 cognitio-

186 487 303 525 nem
342 473 722 540 doctrinamque
794 474 1150 540 comparandas
1169 514 1187 540 ‚
1226 486 1275 527 et
1338 486 1445 529 tum
1479 475 1531 529 in
1563 477 1776 536 aliorum

184 561 576 615 emolumentum
619 573 768 627 atque
809 560 1067 615 utilitatem
1085 601 1103 628 ,
1141 573 1251 615 tum
1285 562 1335 615 in
1373 565 1594 631 supremi
1615 566 1779 634 Opifi-

184 647 261 701 cis
294 646 499 714 gloriam
528 660 679 713 atque
703 647 897 700 laudem
925 649 1305 703 convertendas.
1343 650 1424 703 De
1450 653 1564 707 Deo
1593 669 1775 725 nempe

189 736 471 801 loquuntur
509 733 630 786 haec
682 733 848 787 omnia
866 771 887 799 ‚
925 735 1013 800 qui
1059 737 1165 790 suis
1207 738 1445 803 operibus
1498 759 1650 810 quam
1706 747 1776 800 sit

182 822 380 890 sapiens
400 860 419 887 ‚
457 835 608 887 quam
652 820 820 875 bonus
885 819 1278 879 luculentissime
1349 829 1645 902 declaravit3
1681 837 1776 902 qui

182 892 351 965 omnia
418 923 634 975 corpora
696 906 926 975 organica
993 907 1044 961 in
1116 909 1207 962 hac
1281 915 1457 970 tellure
1513 921 1663 976 obvia
1711 927 1776 980 ad

181 998 459 1067 generalem
502 998 799 1064 >quemdam
850 1010 1031 1065 typum
1098 997 1364 1070 formavit3
1422 1006 1510 1071 qui
1563 1011 1778 1080 denique

181 1102 384 1141 omnem
449 1098 675 1140 naturam
754 1096 883 1139 nutu
953 1100 1052 1138 suo
1118 1097 1167 1138 et
1236 1088 1445 1157 imperio
1511 1098 1773 1164 gubenm,

181 1176 322 1230 Haec
368 1176 521 1244 igitur
563 1175 727 1230 studia
762 1190 959 1242 semper
998 1173 1211 1228 ferventi
1259 1179 1425 1235 animo
1466 1200 1773 1257 persequar,

184 1264 306 1318 haec
362 1277 561 1319 strenue
622 1263 851 1333 urgeb03
907 1264 1026 1317 haec
1051 1305 1069 1331 ,
1122 1280 1365 1333 quantum
1426 1272 1478 1327 in
1517 1290 1595 1328 me
1647 1279 1773 1345 erit,

179 1351 477 1420 amplificare
515 1355 757 1408 conabor.
824 1354 980 1408 Nunc
1029 1371 1149 1409 vero
1192 1357 1283 1411 hac
1341 1376 1427 1413 ero
1472 1377 1772 1435 contentus,

182 1443 290 1498 sive
319 1443 462 1498 laude
479 1484 497 1511 ,
535 1446 640 1500 sive
669 1444 809 1500 venia
828 1485 847 1512 ‚
886 1436 1027 1512 quod
1056 1447 1234 1501 Doctis
1265 1448 1398 1503 Viris
1422 1466 1526 1505 non
1566 1471 1774 1521 prorsus

186 1532 443 1600 diSpliceat
488 1534 758 1602 disputatio
784 1574 802 1599 ‚
851 1546 903 1586 et
967 1549 1073 1586 non
1144 1536 1378 1603 indignus
1431 1540 1526 1593 illis
1569 1558 1662 1609 ego
1703 1545 1778 1597 vi-

187 1621 306 1674 dear
338 1660 356 1688 ,
395 1621 518 1688 qui,
555 1624 631 1678 uti
693 1637 828 1677 nunc
889 1622 1010 1678 illud
1048 1636 1397 1690 argumentum
1454 1630 1775 1700 adumbravi,

187 1710 260 1763 sic
325 1724 502 1779 postea
564 1714 626 1766 ad
678 1712 922 1781 juveniles
989 1712 1140 1764 hosce
1195 1727 1405 1768 conatus
1462 1720 1686 1788 redeam,
1723 1737 1777 1776 ct

188 1803 501 1867 opusculum
563 1803 660 1856 hoc
727 1803 1091 1869 qualecumque
1161 1803 1326 1858 denuo
1391 1806 1621 1862 revisam.
1694 1813 1779 1866 Ad

187 1890 328 1952 quod
373 1888 730 1953 perficiendum
774 1889 960 1945 utinam
1028 1887 1146 1942 mihi
1213 1895 1515 1950 concedatur
1579 1900 1773 1967 otium,

186 1986 236 2028 et
282 1990 479 2042 semper
541 1977 660 2029 mihi
715 1978 908 2043 adsint,
961 1979 1147 2042 quibus
1200 1997 1334 2036 nunc
1387 1985 1539 2053 flagro
1566 2026 1583 2051 ,
1633 2002 1777 2043 natu·

184 2078 264 2114 rae
307 2065 684 2129 perscrutandae
730 2065 914 2130 ardor,
986 2067 1205 2120 studium
1249 2082 1399 2138 atque
1454 2076 1773 2134 delectamen-

180 2152 316 2207 tum!

712 2502 1237 2559 TANTUM.

946 3200 995 3256 O
1032 3221 1063 3256 2
1626 3210 1763 3264 TA·-
