2266 3923
377 229 447 281 70
772 205 1611 264 DlssERTATlo

390 379 541 436 quam
581 379 699 418 cum
739 361 883 428 spina
927 360 1113 414 dorsali
1156 361 1440 416 cohaerent.
1533 362 1666 416 Ossa
1713 361 1996 417 innomina-r

392 468 445 510 ta
463 495 482 522 ,
554 451 681 507 serie
739 450 1078 507 ossiculorum
1132 450 1421 508 intermedia
1444 493 1464 520 ,
1533 469 1649 509 cum
1684 453 1830 510 radiis
1874 466 1999 508 con-

391 547 693 614 iunguntur.
1888 598 1890 602 ,

469 635 528 686 In
592 628 1067 698 chondropterygiis
1140 631 1349 686 unicum
1418 647 1477 686 os
1537 644 1616 687 est
1632 672 1651 699 ‚
1720 643 2004 685 transverse

399 724 626 794 positum
690 730 738 773 et
800 718 905 772 fere
973 719 1300 787 cylindricum
1325 759 1345 786 ‚
1418 721 1559 786 quod
1613 720 1666 773 in
1734 722 2005 792 Squatina

409 807 785 879 quodammodo
846 819 1109 862 curvatum
1167 823 1277 859 esse
1330 818 1379 858 et
1428 806 1534 858 fere
1570 807 1786 859 litteram
1847 808 1882 860 S
1929 823 2007 860 re-

407 900 541 955 ferre
569 898 853 953 observavi.
926 897 1100 964 Hujus
1143 895 1276 949 ossis
1311 895 1706 950 extremitatibus
1731 896 2014 950 'adhaerent

411 991 464 1044 in
534 989 785 1058 squatina
867 984 929 1037 ab
992 996 1212 1051 utroque
1263 984 1417 1038 latere
1476 986 1604 1039 duae
1655 985 1967 1054 cartilagines
1991 1023 2012 1052 ,

413 1092 626 1146 quarum
681 1075 832 1128 altera
894 1073 1095 1127 brevior
1136 1074 1399 1128 lateraliter
1439 1075 1690 1144 decurrit,
1737 1078 1892 1131 altera
1935 1075 2016 1129 in-

411 1178 612 1221 ternum
651 1163 835 1231 pinnae
890 1164 1163 1233 marginem
1208 1165 1386 1233 efficit,
1439 1178 1488 1219 et
1537 1166 1590 1219 in
1633 1166 1864 1234 parallela
1908 1164 2016 1220 fere

417 1274 525 1325 quo
579 1256 642 1310 ad
695 1255 890 1322 spinam
940 1254 1212 1308 directione
1253 1256 1535 1323 posteriora
1585 1273 1763 1311 versus
1804 1254 2022 1324 porrigi·

415 1361 525 1406 tur.
608 1346 747 1401 Huic
805 1345 936 1412 parti
988 1345 1043 1398 in
1075 1346 1298 1415 margine
1345 1360 1550 1401 externo
1591 1348 1862 1401 adhaerent
1897 1343 2022 1398 radii

412 1436 531 1505 ipsi.
572 1463 638 1475 —
674 1435 734 1488 In
774 1433 1015 1489 universo
1060 1434 1643 1503 chondropterygiorum
1686 1433 1860 1488 ordine
1901 1446 2023 1486 ossa

417 1527 601 1595 pinnas
670 1525 919 1580 ventrales
973 1525 1303 1580 sustentantia
1365 1525 1540 1595 maJ‘ori
1581 1526 1694 1594 J'ure
1713 1563 1733 1591 ‚
1789 1539 1941 1590 quam
1967 1523 2023 1575 in

421 1615 624 1681 ossei5‚
687 1630 784 1681 pro
840 1614 1003 1680 pelvis
1059 1613 1357 1668 rudimentis
1407 1625 1531 1668 sunt
1593 1613 1852 1680 habenda,
1906 1628 2027 1666 cum

421 1700 653 1772 genitalia
709 1713 760 1753 et
812 1700 966 1754 finem
1026 1701 1251 1755 intestini
1308 1702 1433 1756 recti
1488 1701 1789 1757 sustineant.
1875 1702 2032 1772 RaJ'ae

420 1790 609 1861 pelvim
651 1800 940 1844 antrorsum
985 1806 1102 1843 cum
1146 1789 1491 1844 vertebrarum
1521 1790 1825 1857 corporibus
1850 1831 1869 1857 ‚
1905 1808 2036 1859 pos·

423 1895 649 1936 trorsum
709 1897 826 1934 curn
871 1880 1021 1933 crista
1059 1880 1401 1949 apophysium
1447 1879 1742 1934 inferiorum
1785 1879 2032 1933 membra-

425 1986 519 2025 nae
597 1987 696 2038 ope
767 1970 1118 2024 cohaerentem
1192 1969 1317 2023 vidit
1374 1969 1831 2023 Treviranus.
1918 1967 2037 2023 Alia

353 2069 356 2078 ’
427 2062 653 2127 ratione,
710 2072 877 2124 neque
927 2058 979 2110 in
1019 2058 1134 2124 his,
1185 2072 1352 2124 neque
1402 2057 1455 2109 in
1493 2059 1687 2124 squalis
1727 2074 1845 2113 cum
1886 2059 2035 2130 spina

428 2150 696 2215 cohaeret²
750 2149 892 2214 quod
936 2148 1081 2201 etiam
1126 2149 1189 2202 de
1237 2149 1432 2219 Squalo
1481 2151 1635 2219 galeo
1686 2152 1787 2205 Ku
1808 2150 1842 2204 h
1863 2149 2037 2207 lium

428 2239 689 2294 monuisse
728 2237 877 2293 video
918 2240 1053 2308 (t).

511 2420 539 2486 §
580 2419 631 2470 6.
708 2412 792 2467 De
818 2417 993 2484 pinna
1029 2415 1235 2469 dorsali
1250 2455 1269 2482 ,
1307 2416 1493 2483 amali,
1534 2428 1694 2488 atque
1728 2416 1966 2472 candali-

513 2594 622 2647 Has
683 2592 861 2660 pinnas
924 2590 1123 2643 silentio
1176 2592 1442 2656 praeterire
1510 2591 1632 2644 mihi
1692 2593 1869 2661 liceat,
1928 2609 2048 2650 cum

438 2670 625 2738 earum'
669 2682 939 2748 descriptio
1000 2684 1062 2735 ad
1106 2683 1393 2751 zoologiam
1435 2685 1681 2751 pertinere
1701 2724 1720 2751 ‚
1768 2701 1934 2753 neque
1986 2686 2054 2738 ad

445 2785 709 2827 anatomen
762 2771 1009 2824 videatur.
1089 2772 1170 2825 De
1222 2772 1369 2825 variis
1431 2789 1600 2828 earum
1662 2773 1840 2828 formis
1901 2790 1958 2826 ac
1988 2774 2053 2826 de

449 2863 610 2930 lociS,
652 2861 741 2917 ubi
788 2861 1101 2914 collocantur
1126 2900 1144 2926 ,
1182 2861 1394 2915 adeundi
1432 2861 1585 2930 igitur
1615 2874 1763 2917 erunt
1805 2861 2052 2927 zoologo-

1938 2965 2054 3004 rum

510 3070 611 3124 (t)
648 3070 1012 3111 Treviranus
1053 3070 1093 3109 in
1134 3068 1389 3110 Wiedem
1412 3070 1564 3111 annii
1601 3070 1782 3113 Archiv.
1826 3073 1882 3112 L.
1923 3074 1957 3115 l.
1999 3073 2046 3113 S.

462 3144 531 3186 60.
576 3142 826 3183 Kuhlius
872 3143 930 3189 L„
973 3145 1005 3184 l.
1049 3140 1144 3193 187.
