2266 3923
599 289 674 361 pi}
746 268 1084 364 SCliLETO
1153 267 1463 327 PISCIUM.
1769 284 1844 358 73ἱ

527 1026 605 1123 vc
711 1067 759 1122 A
874 1065 928 1127 ΡΑ
1046 1065 1098 1119 U
1205 1064 1257 1118 T
1443 1065 1571 1120 lv.

356 1294 433 1354 ΒΕ
470 1292 699 1337 :ossmus
762 1288 1178 1354 MASTICAT130N1
1236 1287 1751 1341 *INSERVIENTIBUSQ

251 1798 397 1930 Os
414 1865 631 1930 vomeris
651 1903 669 1931 ,
702 1862 935 1917 dentibus
967 1862 1576 1932 plerumqueinstructum
1596 1903 1615 1931 ‚
1643 1866 1744 1934 jam
1767 1883 1853 1923 su..

249 1970 339 2021 pra
370 1952 746 2019 descripsimus.
802 1953 886 2010 Ad
901 1964 1170 2018 utrumque
1197 1954 1329 2007 latus
1347 1953 1477 2006 ossis
1494 1955 1710 2018 vomeris
1733 1973 1850 2012 ossa

248 2041 461 2112 palatina
478 2041 572 2094 tria
594 2042 872 2106 accedunt,
912 2055 1040 2106 quae
1076 2056 1228 2106 parva
1251 2053 1371 2095 sunt
1389 2058 1705 2109 quarumque
1727 2060 1847 2111 pars

251 2130 470 2205 anterior
512 2131 708 2200 (quam
748 2140 957 2199 partem
978 2128 1287 2199 palatinam
1331 2132 1453 2191 ossis
1485 2132 1852 2200 supramaxil·

247 2218 383 2279 laris
432 2216 631 2272 vocavit
686 2217 800 2285 Boj
817 2232 981 2270 anus
999 2216 1026 2283 )
1044 2254 1064 2282 ,
1132 2215 1207 2271 uti
1263 2231 1439 2268 vomer
1457 2254 1477 2280 ‚
1540 2216 1592 2270 in
1667 2235 1849 2287 genere

248 2307 482 2370 dentibus
536 2306 833 2361 obser-vatur
892 2308 1154 2360 instructa.
1264 2305 1374 2358 Hac
1423 2304 1612 2360 ratione
1662 2309 1847 2363 cavitas

246 2396 350 2454 oris
396 2396 656 2465 superiora
701 2411 879 2455 versus
930 2395 1208 2462 perficitur.
1282 2393 1523 2448 Anterior
1567 2394 1671 2450 oris
1722 2412 1850 2450 mar-

252 2475 320 2558 go
366 2488 428 2543 ab
483 2487 687 2548 ossibus
736 2486 1203 2543 intermaxillaribus
1255 2498 1305 2541 et
1356 2484 1578 2551 maxillae
1619 2484 1848 2552 superio·

247 2576 318 2648 ris
369 2575 636 2642 formatur,
728 2575 860 2635 Ossa
895 2575 1171 2633 'maxillaria
1230 2575 1520 2641 superiora,
1584 2573 1751 2629 tenuia
1798 2573 1849 2629 in

249 2663 576 2734 universum,
651 2666 930 2734 posteriora
988 2682 1167 2721 versus
1233 2664 1440 2734 oblique
1494 2663 1557 2724 ad
1602 2661 1849 2728 maxillam

246 2751 530 2809 inferiorem
582 2755 909 2809 descendunt.
985 2755 1043 2809 In
1090 2768 1237 2820 perca
1283 2765 1331 2806 et
1377 2751 1548 2822 multis
1600 2752 1705 2818 aliis
1744 2751 1849 2820 pis-

247 2842 393 2897 cibus
441 2841 674 2912 trianguli
718 2840 934 2910 elongati
972 2839 1183 2909 formam
1238 2839 1422 2893 habent
1442 2877 1461 2905 ‚
1519 2841 1664 2910 cujus
1715 2840 1848 2907 basis

247 2945 328 3007 est
366 2947 543 2986 versus
587 2914 831 2985 maxillam
869 2924 1180 2983 inferiorem.
1254 2929 1554 2994 Plerumque
1612 2928 1848 2983 dentibus

248 3033 417 3073 carent
437 3061 456 3088 ,
530 3021 716 3087 quibus
781 3036 902 3074 vero
972 3018 1365 3086 intermaxillaria
1406 3033 1523 3093 ossa
1543 3058 1562 3084 ,
1617 3034 1745 3085 quae
1796 3016 1849 3072 in

253 3107 462 3186 piscium
520 3110 679 3185 classe
739 3109 882 3181 valde
954 3110 1154 3178 eyoluta
1241 3119 1400 3181 sunt,
1474 3120 1665 3182 tantum
1739 3119 1844 3159 non

255 3212 450 3266 semper
508 3197 725 3266 praedita
807 3213 914 3253 csse
981 3183 1330 3252 observantur.
1407 3197 1464 3257 In
1534 3179 1846 3263 C'arpIOnum

610 3290 612 3295 ’
1152 3285 1194 3337 Κ
1771 3296 1855 3350 gc·
