2266 3923
355 179 520 273 :29⁶
835 141 1672 239 DISSERTATIO

443 344 640 392 tantum
701 333 837 391 haud
888 333 1162 404 impediant
1176 372 1202 402 ⁷
1251 334 1343 390 sed
1403 333 1664 407 ginglymo
1729 331 1876 390 etiam
1951 347 2052 392 suo

443 424 715 483 faciliorem
754 420 963 476 reddant
1011 422 1160 492 (a).

517 512 784 569 Accedunt
845 510 911 565 ad
974 510 1081 565 duo
1143 526 1261 568 ossa
1310 512 1497 582 majora
1541 527 1749 568 arcuum
1793 509 2052 566 branchia-

448 619 561 659 rum
621 610 792 670 partes
851 612 1070 653 annexae
1088 638 1108 667 ‚
1176 616 1307 668 quae
1365 616 1513 657 arcus
1563 599 1826 668 superiora
1866 613 2054 654 versus

446 706 567 746 curn
633 687 804 743 cranio
864 688 1184 758 conjungunt
1201 728 1222 756 ,
1290 687 1487 742 inferne
1555 701 1722 743 autem
1797 687 2059 757 apparatui

452 779 676 849 hyo‘ideo
724 778 1013 834 adnectunt.
1089 779 1170 831 De
1205 777 1303 828 illis
1348 790 1506 841 supra
1543 776 1644 844 Jam
1695 774 1889 843 egimus
1904 814 1924 842 ‚
1974 792 2058 830 eas

451 868 553 925 sub
614 867 819 926 nomine
886 865 1081 921 ossium
1131 864 1547 934 pharyngealium
1588 864 1907 933 superiorum
1978 865 2065 918 de-

449 958 729 1016 scribentes
762 943 930 1026 (vide
1000 956 1134 1025 Cap.
1197 956 1318 1026 V.)
1415 956 1525 1011 Has
1575 972 1698 1012 vero
1715 995 1736 1023 ‚
1804 971 1929 1025 quas
1985 954 2061 1008 in-

453 1045 600 1101 ferne
650 1043 845 1114 positas
901 1059 1016 1099 esse
1077 1043 1331 1113 diximus,
1378 1060 1505 1114 age,
1559 1045 1659 1100 hoc
1708 1035 1859 1101 loco‘
1879 1043 2062 1100 descri-

453 1133 634 1191 bemus
683 1135 818 1205 (b).

527 1227 766 1299 Quatuor
825 1239 948 1282 sunt
1009 1242 1127 1283 ossa
1194 1228 1257 1283 ab
1325 1240 1545 1298 utroque
1617 1230 1769 1284 latere
1825 1225 1878 1280 in
1934 1225 2064 1281 serie

455 1316 722 1387 disposita.
792 1316 1015 1372 Primum
1066 1333 1126 1372 os
1146 1356 1165 1385 ‚
1226 1319 1290 1372 ad
1331 1335 1501 1374 arcum
1542 1318 1760 1386 primum
1809 1315 2067 1384 pertinens

457 1407 621 1478 (Fig.
661 1423 731 1476 7,
765 1406 857 1476 ta)
913 1423 1114 1476 semper
1157 1408 1446 1477 elongatum
1492 1420 1605 1474 est,
1662 1407 1833 1461 eadem
1853 1446 1874 1474 ,
1911 1421 2066 1472 quam

463 1512 583 1551 ossa
624 1498 812 1567 majora
852 1514 1062 1554 arcuum
1105 1499 1328 1566 habent,
1365 1498 1532 1554 forma
1562 1499 1860 1567 praeditum.
1935 1496 2070 1550 Ossa

462 1600 674 1643 arcuum
737 1586 925 1655 majora
988 1589 1213 1658 ejusdem
1273 1604 1386 1642 esse
1442 1587 1770 1657 longitudinis
1827 1587 2066 1641 diximus·

464 1673 626 1745 Quod
692 1685 860 1727 autem
920 1691 1067 1730 arcus
1124 1675 1353 1743 primuS,
1422 1688 1646 1730 caeteros
1702 1662 1941 1742 hingem,
2009 1672 2072 1728 iis

465 1764 629 1835 major
682 1763 909 1819 videatur
971 1776 1020 1819 et
1079 1781 1252 1819 revera
1319 1763 1420 1830 sit,
1494 1763 1594 1832 ipsi
1661 1763 1733 1817 illi
1789 1763 1895 1819 ossi
1933 1763 2068 1832 (ta)

463 1854 792 1910 tribuendum
852 1866 965 1923 est,
1030 1867 1222 1910 caetera
1274 1854 1587 1924 longitudine
1633 1853 1909 1920 superanti.
1980 1853 2076 1906 Al·

471 1958 584 2000 tero
644 1957 869 2001 extremo
929 1961 1047 2001 cum
1102 1945 1348 2011 basihyali
1390 1955 1542 2008 atque
1599 1942 1853 2010 entohyali
1892 1943 2077 1997 cohae-

471 2046 580 2103 ret,
643 2035 800 2089 altero
851 2049 969 2087 cum
1030 2048 1148 2087 osse
1205 2029 1430 2085 inferiori
1485 2047 1631 2085 arcus
1682 2031 1850 2099 primi.
1940 2032 2077 2088 Dein

472 2123 707 2191 sequitur
750 2138 810 2177 os
857 2122 1069 2177 alterum
1112 2122 1256 2189 (tp)
1298 2119 1456 2188 magis
1503 2136 1620 2173 cum
1665 2121 1921 2189 entohyali
1952 2138 2077 2176 con-

471 2213 740 2284 junctum,
797 2210 959 2267 simile
1008 2209 1163 2279 priori
1205 2220 1256 2263 at
1296 2208 1520 2263 brevius·
1595 2208 1825 2264 Tertium
1856 2227 1915 2264 os
1945 2212 2075 2280 (ar)

477 2313 622 2357 tanto
679 2299 838 2370 magis
894 2300 958 2354 ad
998 2315 1090 2366 par
1133 2313 1285 2352 suum
1337 2295 1559 2363 accedit,
1612 2313 1717 2363 quo
1755 2297 1911 2368 magis
1952 2318 2076 2354 uro-

478 2391 635 2461 hyale
687 2392 818 2460 (u)
865 2391 918 2444 in
964 2402 1168 2445 tenuem
1216 2389 1435 2444 excurrit
1469 2390 1697 2444 caudam.
1772 2390 2078 2460 Plerumque

476 2478 713 2549 trianguli
765 2478 981 2534 formam
1037 2478 1223 2533 habent
1275 2494 1394 2533 ossa
1435 2479 1590 2549 hujus
1631 2477 1761 2532 tertii
1801 2480 1934 2548 paris
1954 2521 1973 2547 ‚
2027 2493 2078 2536 et

1943 2588 2082 2627 sum-

538 2690 649 2744 (a)
671 2687 787 2734 Vide
838 2692 891 2733 de
940 2694 1117 2735 arcubus
1152 2691 1439 2734 branchiamm
1474 2695 1824 2745 Duverney‚
1866 2695 1995 2735 Μόνη.
2024 2697 2079 2736 dc

496 2761 691 2808 l'Acad.
749 2766 825 2807 des
881 2765 951 2805 Sc.
1001 2763 1052 2805 T.
1109 2776 1147 2806 c.
1201 2773 1253 2817 p.
1309 2763 1418 2815 226,
1470 2775 1578 2814 2275
1629 2763 1849 2806 cuvier
1887 2764 2074 2816 Lepons.

497 2834 552 2876 T.
608 2832 690 2876 lv.
736 2842 786 2886 p.
848 2843 957 2886 371,
1008 2841 1101 2883 373.
1155 2844 1285 2885 sqq.,·
1356 2833 1647 2886 Geoffroy
1697 2836 1761 2875 St.
1814 2834 2073 2887 Hilaire,

496 2905 623 2949 Phil.
679 2904 822 2948 Anat.
873 2912 922 2957 p.
978 2912 1084 2953 215,
1140 2901 1235 2945 216.
1301 2902 1375 2945 cf.
1432 2902 1531 2956 Fig.
1575 2916 1619 2957 7.
1676 2915 1839 2947 nostrae
1909 2905 2079 2947 tabulae

496 2975 650 3025 (quae
685 2982 750 3016 est
788 2973 886 3027 Fig.
927 2974 995 3016 82.
1036 2971 1147 3023 apud
1189 2972 1521 3026 Geoffroy)
1557 2985 1646 3015 ossa
1674 2987 1840 3016 arcuum
1865 2976 2078 3028 superiora

499 3055 529 3096 p
564 3055 603 3085 s.
650 3056 699 3093 ι,
727 3056 785 3095 2,
813 3053 952 3096 s,4;
995 3053 1086 3085 ossa
1124 3041 1314 3084 inferiora
1354 3042 1448 3094 pi.
1495 3055 1544 3095 1,
1573 3056 1628 3095 2,
1656 3056 1712 3095 3.
1739 3058 1782 3097 4.

553 3111 652 3168 (b)
676 3114 787 3156 Vide
828 3113 1120 3166 Gcoffroy
1160 3115 1225 3159 St.
1267 3112 1529 3164 Hilarii-0,
1571 3115 1626 3158 L.
1664 3117 1697 3159 l.
1739 3126 1784 3170 p.
1822 3128 1913 3169 2³4·
1953 3129 2051 3171 sqq.
