2266 3923
437 258 500 312 68
820 248 1659 312 DISSERT'ATIO

441 407 662 463 minores
721 418 841 462 sunt
864 445 884 472 ‚
968 406 1204 476 cartilago
1272 410 1444 475 adest,
1533 423 1661 475 quae
1727 407 1878 464 simul
1944 417 2055 478 proE

443 500 644 567 scapula
703 507 752 548 et
791 494 1030 550 clavicula
1075 509 1186 565 est,
1240 509 1288 550 et
1330 510 1586 564 tamquam
1618 514 1679 552 ex
1699 497 1895 553 duabus
1926 515 2051 567 par-v

436 590 575 643 tibus
617 583 899 653 composita
942 596 1119 651 potest
1170 586 1494 641 considerari.
1569 589 1687 643 Pars
1704 628 1722 655 ‚
1783 604 1913 655 quae
1944 603 2048 656 pro·

435 677 676 733 clavicula
718 686 793 728 est
811 713 831 739 ‚
879 685 1145 741 utramque
1198 676 1559 730 extremitatem
1615 666 1878 746 conjungit
1899 715 1920 744 ‚
1991 688 2047 731 et-

431 769 488 822 in
567 764 790 834 margine
869 763 1101 817 anteriori
1173 765 1489 818 membranae
1535 765 1891 832 ligamentosae
1942 782 2055 834 ope·

431 873 552 913 cum
583 856 802 912 arcubus
844 850 1212 907 branchialibus
1258 850 1513 904 cohaeret.
1587 850 1646 902 In
1690 851 1844 906 latere
1886 853 2042 907 abdo-

433 946 601 1001 minali
675 962 715 1000 a„
767 942 971 1010 cingulo
1047 940 1266 994 annulus
1319 939 1567 994 formatur
1590 978 1610 1006 ‚
1658 939 1929 1009 utriusque
1972 943 2042 996 la·-

432 1036 552 1089 teris
622 1032 850 1101 partibus
924 1029 1115 1100 angulo
1153 1028 1344 1084 obtuso
1412 1030 1476 1082 ad
1536 1045 1595 1083 se
1639 1027 1853 1083 invicem
1897 1046 2040 1085 acce-

431 1123 688 1178 dentibuS.
781 1120 1020 1175 Annulus
1085 1117 1166 1172 hic
1231 1119 1405 1188 largus
1474 1126 1584 1185 est,
1653 1119 1950 1186 applanatus
1991 1133 2043 1176 et

432 1212 533 1269 sub
580 1212 731 1265 corde
781 1213 932 1265 situs,
1006 1209 1083 1263 Ea
1128 1225 1288 1277 parS,
1342 1225 1472 1276 quae
1509 1224 1611 1276 pro·
1651 1211 1856 1277 scapula
1889 1210 2057 1265 habe-2

432 1315 555 1370 tur,
624 1303 790 1357 tenuis
862 1315 1014 1369 atque
1073 1301 1337 1369 applanata
1397 1299 1537 1354 linea«
1573 1299 1885 1368 cartilaginea
1926 1310 2040 1365 est,

429 1410 561 1461 quae
634 1409 839 1449 sursum
913 1393 1222 1446 adscendens
1303 1407 1484 1445 versus
1544 1390 1741 1458 spinam
1821 1389 1874 1441 in
1928 1399 2047 1443 cute-

430 1482 680 1537 evanescit
699 1520 731 1548 9.
792 1481 869 1535 ita-
931 1494 990 1536 ut
1054 1480 1107 1534 in
1166 1474 1379 1552 Squalis
1400 1466 1429 1547 ‚¹
1470 1494 1638 1547 neque
1690 1491 1949 1546 tamquam
1989 1469 2045 1530 in

431 1571 591 1636 Rajis
629 1588 746 1624 cum
795 1573 974 1640 spina,
1041 1588 1208 1639 neque
1250 1572 1395 1626 etiam
1443 1571 1518 1626 uti
1577 1572 1630 1624 in
1689 1571 1852 1625 osseis
1893 1567 2046 1636 pisci·
2132 1627 2134 1629 ,

431 1659 547 1714 bus·
582 1674 699 1712 cum
749 1661 911 1728 capite
952 1661 1250 1715 cohaereant
1307 1658 1640 1714 extremitates
1656 1699 1693 1726 ‚.
1724 1676 1901 1715 verum
1936 1671 2046 1713 tan-

429 1749 712 1825 tummodo
755 1750 888 1804 cutis
939 1766 1039 1817 ope
1098 1764 1251 1817 atque
1296 1750 1646 1805 musculorum
1691 1767 1810 1805 cum
1856 1750 2044 1804 firmio-³

432 1837 577 1893 ribus
600 1841 995 1909 conjungantur
1037 1840 1287 1909 partibus,
1363 1841 1447 1895 Eo
1492 1841 1607 1894 loco
1660 1840 1748 1894 ubi
1788 1857 1906 1907 pars
1937 1850 2050 1894 scae

434 1929 625 1996 pularis
688 1944 737 1984 et
791 1931 1100 1986 clavicularis
1164 1932 1469 1997 confluunt,
1542 1931 1784 1983 accedunt
1824 1942 1928 1983 tres
1975 1931 2046 1982 la-

435 2019 600 2073 minae
652 2021 996 2091 car'tilagineae
1016 2063 1035 2089 ,
1075 2023 1130 2075 in
1169 2022 1311 2075 serie
1338 2021 1646 2088 dispositae,
1698 2034 1911 2086 quarum
1960 2034 2048 2073 ana

434 2111 605 2164 teriori
655 2111 865 2178 margini
914 2112 1035 2165 radii
1082 2112 1350 2179 pinnarum
1395 2110 1682 2164 adhaerent.

509 2196 670 2251 Hisce
718 2199 968 2253 omnibus
1004 2214 1154 2253 unam
1201 2198 1367 2252 adhuc
1414 2198 1594 2252 addere
1638 2197 1787 2250 liceat
1822 2197 2044 2253 -animada

439 2286 744 2342 versionem.
829 2286 1062 2340 Piscium
1114 2288 1448 2339 extremitates
1489 2285 1772 2339 anteriore-s·
1818 2305 1867 2341 s.
1934 2286 2053 2354 pin-

439 2385 534 2430 nae
580 2378 857 2444 pectorales
877 2416 896 2442 ,
945 2393 1062 2430 cum
1114 2382 1319 2444 magnae
1367 2375 1468 2429 sint
1505 2375 1775 2444 phalanges
1816 2391 1861 2428 s.
1929 2375 2051 2428 radii

444 2465 715 2534 pinnarum
733 2506 751 2532 ‚
839 2477 1005 2533 partes
1071 2457 1386 2520 intermedias
1463 2460 1592 2519 inter
1659 2465 1930 2532 phalanges
2000 2476 2050 2517 et

447 2556 702 2622 scapulam
725 2594 742 2619 ,
810 2555 1076 2608 humerum
1143 2554 1264 2606 scil„
1310 2565 1364 2606 et
1413 2555 1772 2609 antibrachium
1795 2595 1813 2620 .‚
1870 2571 2050 2622 parvas

449 2645 663 2711 habent,
739 2657 802 2697 et*
844 2643 896 2695 in
969 2654 1104 2696 statu
1151 2643 1369 2708 quodam
1409 2642 1674 2709 impeditae
1721 2642 2054 2696 evolutionise

451 2735 570 2788 Hoc
635 2735 776 2787 etiam
840 2733 890 2784 in
949 2731 1459 2799 statu-pathologic'o
1509 2731 1560 2784 in
1602 2732 1805 2785 homine
1852 2731 2055 2799 saepius·

455 2823 707 2878 observari
758 2821 1156 2877 Meckelius
1218 2834 1502 2877 auctorest
1533 2824 1680 2892 (r).
1756 2824 1873 2878 Huc
1903 2821 2050 2876 etiam

460 2915 712 2980 pertine&
781 2930 931 2979 quem
993 2929 1103 2966 sese
1158 2912 1358 2966 Parisiis
1418 2913 1602 2967 vidisse
1674 2916 1741 2966 a'it
1793 2913 2056 2965 Rudol⁴

1910 3017 1943 3069 p
1962 2999 2071 3054 him

519 3102 631 3157 (ν)
673 3110 909 3152 Jlaendbuolz
951 3111 1027 3153 der
1069 3110 1208 3153 Path·
1251 3110 1390 3152 Anat.
1431 3108 1471 3150 1.
1518 3108 1574 3150 8.·
1605 3118 1703 3158 745.
