<?xml version="1.0" encoding="UTF-8"?>
<!DOCTYPE html PUBLIC "-//W3C//DTD XHTML 1.0 Transitional//EN"
    "http://www.w3.org/TR/xhtml1/DTD/xhtml1-transitional.dtd">
<html xmlns="http://www.w3.org/1999/xhtml" xml:lang="en" lang="en">
 <head>
  <title>
</title>
<meta http-equiv="Content-Type" content="text/html;charset=utf-8" />
  <meta name='ocr-system' content='tesseract 3.04.00' />
  <meta name='ocr-capabilities' content='ocr_page ocr_carea ocr_par ocr_line ocrx_word'/>
</head>
<body>
  <div class='ocr_page' id='page_1' title='image "./dissertatiodesce00hoev_0028.png"; bbox 0 0 2266 3923; ppageno 0'>
   <div class='ocr_carea' id='block_1_1' title="bbox 364 223 1640 294">
    <p class='ocr_par' dir='ltr' id='par_1_1' title="bbox 364 223 1640 294">
     <span class='ocr_line' id='line_1_1' title="bbox 364 223 1640 294; baseline -0.005 -1"><span class='ocrx_word' id='word_1_1' title='bbox 364 231 438 294; x_wconf 78' lang='lat'>16</span> <span class='ocrx_word' id='word_1_2' title='bbox 695 223 1640 289; x_wconf 82' lang='lat' dir='ltr'><strong>P-ROLEGOMENA.</strong></span> 
     </span>
    </p>
   </div>
   <div class='ocr_carea' id='block_1_2' title="bbox 366 382 1984 2134">
    <p class='ocr_par' dir='ltr' id='par_1_2' title="bbox 366 382 1975 1438">
     <span class='ocr_line' id='line_1_2' title="bbox 367 382 1961 457; baseline -0.003 -12"><span class='ocrx_word' id='word_1_3' title='bbox 367 400 520 457; x_wconf 76' lang='lat' dir='ltr'><strong>quam</strong></span> <span class='ocrx_word' id='word_1_4' title='bbox 581 386 816 444; x_wconf 87' lang='lat' dir='ltr'>evolutos</span> <span class='ocrx_word' id='word_1_5' title='bbox 881 382 1225 440; x_wconf 88' lang='lat' dir='ltr'><strong>vertebrarum</strong></span> <span class='ocrx_word' id='word_1_6' title='bbox 1303 388 1578 452; x_wconf 77' lang='lat' dir='ltr'>processus</span> <span class='ocrx_word' id='word_1_7' title='bbox 1647 392 1961 440; x_wconf 75' lang='lat' dir='ltr'><strong>transversos</strong></span> 
     </span>
     <span class='ocr_line' id='line_1_3' title="bbox 367 473 1962 545; baseline -0.004 -9"><span class='ocrx_word' id='word_1_8' title='bbox 367 495 481 536; x_wconf 88' lang='lat' dir='ltr'>esse</span> <span class='ocrx_word' id='word_1_9' title='bbox 522 474 925 533; x_wconf 82' lang='lat' dir='ltr'><strong>considerandas.-</strong></span> <span class='ocrx_word' id='word_1_10' title='bbox 997 474 1059 527; x_wconf 91' lang='lat' dir='ltr'>In</span> <span class='ocrx_word' id='word_1_11' title='bbox 1100 473 1357 528; x_wconf 84' lang='lat' dir='ltr'>crocodilo</span> <span class='ocrx_word' id='word_1_12' title='bbox 1398 477 1500 545; x_wconf 82' lang='lat' dir='ltr'><strong>jam</strong></span> <span class='ocrx_word' id='word_1_13' title='bbox 1541 475 1661 528; x_wconf 88' lang='lat' dir='ltr'>colli</span> <span class='ocrx_word' id='word_1_14' title='bbox 1706 473 1962 529; x_wconf 86' lang='lat' dir='ltr'><strong>vertebrae</strong></span> 
     </span>
     <span class='ocr_line' id='line_1_4' title="bbox 366 565 1963 634; baseline -0.004 -9"><span class='ocrx_word' id='word_1_15' title='bbox 366 585 484 625; x_wconf 84' lang='lat' dir='ltr'><strong>ossa</strong></span> <span class='ocrx_word' id='word_1_16' title='bbox 531 580 815 622; x_wconf 87' lang='lat' dir='ltr'><strong>transversa</strong></span> <span class='ocrx_word' id='word_1_17' title='bbox 864 576 1047 634; x_wconf 83' lang='lat' dir='ltr'><strong>gerunt</strong></span> <span class='ocrx_word' id='word_1_18' title='bbox 1065 605 1084 633; x_wconf 83' lang='lat'><strong>‚</strong></span> <span class='ocrx_word' id='word_1_19' title='bbox 1135 582 1264 632; x_wconf 91' lang='lat' dir='ltr'><strong>quae</strong></span> <span class='ocrx_word' id='word_1_20' title='bbox 1290 594 1294 599; x_wconf 92' lang='lat'><em>·</em></span> <span class='ocrx_word' id='word_1_21' title='bbox 1317 582 1494 621; x_wconf 91' lang='lat' dir='ltr'><strong>versus</strong></span> <span class='ocrx_word' id='word_1_22' title='bbox 1547 576 1728 633; x_wconf 87' lang='lat' dir='ltr'>pectus</span> <span class='ocrx_word' id='word_1_23' title='bbox 1775 565 1963 620; x_wconf 87' lang='lat' dir='ltr'>sensim</span> 
     </span>
     <span class='ocr_line' id='line_1_5' title="bbox 367 655 1967 731; baseline -0.004 -16"><span class='ocrx_word' id='word_1_24' title='bbox 367 661 583 731; x_wconf 83' lang='lat' dir='ltr'><strong>majores</strong></span> <span class='ocrx_word' id='word_1_25' title='bbox 626 657 758 712; x_wconf 91' lang='lat' dir='ltr'>fiunt</span> <span class='ocrx_word' id='word_1_26' title='bbox 776 696 795 723; x_wconf 82' lang='grc'><strong>,</strong></span> <span class='ocrx_word' id='word_1_27' title='bbox 834 668 884 710; x_wconf 91' lang='lat' dir='ltr'>et</span> <span class='ocrx_word' id='word_1_28' title='bbox 932 672 1029 724; x_wconf 89' lang='lat' dir='ltr'>pro</span> <span class='ocrx_word' id='word_1_29' title='bbox 1084 668 1342 712; x_wconf 86' lang='lat' dir='ltr'><strong>costarum</strong></span> <span class='ocrx_word' id='word_1_30' title='bbox 1403 655 1696 713; x_wconf 84' lang='lat' dir='ltr'><strong>rudimentis</strong></span> <span class='ocrx_word' id='word_1_31' title='bbox 1741 655 1967 709; x_wconf 88' lang='lat' dir='ltr'><strong>habenda</strong></span> 
     </span>
     <span class='ocr_line' id='line_1_6' title="bbox 369 747 1969 818; baseline -0.003 -15"><span class='ocrx_word' id='word_1_32' title='bbox 369 760 512 804; x_wconf 81' lang='lat' dir='ltr'>sunt.</span> <span class='ocrx_word' id='word_1_33' title='bbox 599 748 649 802; x_wconf 90' lang='lat' dir='ltr'>E</span> <span class='ocrx_word' id='word_1_34' title='bbox 684 747 938 818; x_wconf 81' lang='lat' dir='ltr'>myologia</span> <span class='ocrx_word' id='word_1_35' title='bbox 991 749 1118 802; x_wconf 88' lang='lat' dir='ltr'><strong>hanc</strong></span> <span class='ocrx_word' id='word_1_36' title='bbox 1180 765 1284 802; x_wconf 92' lang='lat' dir='ltr'><strong>rem</strong></span> <span class='ocrx_word' id='word_1_37' title='bbox 1341 749 1588 804; x_wconf 86' lang='lat' dir='ltr'><strong>illustrare</strong></span> <span class='ocrx_word' id='word_1_38' title='bbox 1633 758 1845 802; x_wconf 87' lang='lat' dir='ltr'>conatus</span> <span class='ocrx_word' id='word_1_39' title='bbox 1891 758 1969 800; x_wconf 88' lang='lat' dir='ltr'>est</span> 
     </span>
     <span class='ocr_line' id='line_1_7' title="bbox 370 835 1968 905; baseline -0.005 -11"><span class='ocrx_word' id='word_1_40' title='bbox 370 835 762 894; x_wconf 90' lang='lat' dir='ltr'>Dumeriliu</span> <span class='ocrx_word' id='word_1_41' title='bbox 782 853 807 891; x_wconf 92' lang='lat' dir='ltr'>s</span> <span class='ocrx_word' id='word_1_42' title='bbox 831 877 850 905; x_wconf 85' lang='lat'>,</span> <span class='ocrx_word' id='word_1_43' title='bbox 904 837 994 904; x_wconf 89' lang='lat' dir='ltr'>qui</span> <span class='ocrx_word' id='word_1_44' title='bbox 1053 836 1198 890; x_wconf 89' lang='lat' dir='ltr'><strong>etiam</strong></span> <span class='ocrx_word' id='word_1_45' title='bbox 1262 852 1378 890; x_wconf 87' lang='lat' dir='ltr'><strong>ossa</strong></span> <span class='ocrx_word' id='word_1_46' title='bbox 1424 836 1730 889; x_wconf 81' lang='lat' dir='ltr'>innominata</span> <span class='ocrx_word' id='word_1_47' title='bbox 1796 835 1968 888; x_wconf 87' lang='lat' dir='ltr'><strong>eadem</strong></span> 
     </span>
     <span class='ocr_line' id='line_1_8' title="bbox 368 923 1967 994; baseline -0.003 -13"><span class='ocrx_word' id='word_1_48' title='bbox 368 925 562 981; x_wconf 85' lang='lat' dir='ltr'><strong>ratione</strong></span> <span class='ocrx_word' id='word_1_49' title='bbox 601 923 857 994; x_wconf 76' lang='lat' dir='ltr'>tamquam</span> <span class='ocrx_word' id='word_1_50' title='bbox 906 924 1237 992; x_wconf 85' lang='lat' dir='ltr'>expansiones</span> <span class='ocrx_word' id='word_1_51' title='bbox 1276 937 1585 979; x_wconf 89' lang='lat' dir='ltr'><strong>transversas</strong></span> <span class='ocrx_word' id='word_1_52' title='bbox 1609 947 1613 954; x_wconf 84' lang='lat'>·</span> <span class='ocrx_word' id='word_1_53' title='bbox 1634 925 1807 992; x_wconf 86' lang='lat' dir='ltr'>spinae</span> <span class='ocrx_word' id='word_1_54' title='bbox 1843 939 1967 976; x_wconf 85' lang='lat' dir='ltr'>con-</span> 
     </span>
     <span class='ocr_line' id='line_1_9' title="bbox 371 1012 1969 1080; baseline 0 -14"><span class='ocrx_word' id='word_1_55' title='bbox 371 1012 589 1080; x_wconf 79' lang='lat' dir='ltr'><strong>siderat,</strong></span> <span class='ocrx_word' id='word_1_56' title='bbox 638 1014 764 1067; x_wconf 91' lang='lat' dir='ltr'>illud</span> <span class='ocrx_word' id='word_1_57' title='bbox 796 1025 906 1066; x_wconf 92' lang='lat' dir='ltr'>esse</span> <span class='ocrx_word' id='word_1_58' title='bbox 940 1012 1268 1080; x_wconf 86' lang='lat' dir='ltr'>perspicuum</span> <span class='ocrx_word' id='word_1_59' title='bbox 1300 1013 1695 1067; x_wconf 88' lang='lat' dir='ltr'><strong>animadvertens</strong></span> <span class='ocrx_word' id='word_1_60' title='bbox 1730 1013 1969 1066; x_wconf 84' lang='lat' dir='ltr'>omnibus</span> 
     </span>
     <span class='ocr_line' id='line_1_10' title="bbox 375 1101 1975 1170; baseline 0 -15"><span class='ocrx_word' id='word_1_61' title='bbox 375 1102 428 1155; x_wconf 86' lang='lat' dir='ltr'>in</span> <span class='ocrx_word' id='word_1_62' title='bbox 469 1101 802 1169; x_wconf 81' lang='lat' dir='ltr'>animalibUS,</span> <span class='ocrx_word' id='word_1_63' title='bbox 842 1118 1061 1170; x_wconf 91' lang='lat' dir='ltr'>quorum</span> <span class='ocrx_word' id='word_1_64' title='bbox 1118 1118 1236 1155; x_wconf 92' lang='lat' dir='ltr'><strong>ossa</strong></span> <span class='ocrx_word' id='word_1_65' title='bbox 1287 1119 1526 1156; x_wconf 85' lang='lat' dir='ltr'>coxarum</span> <span class='ocrx_word' id='word_1_66' title='bbox 1565 1118 1682 1156; x_wconf 92' lang='lat' dir='ltr'>cum</span> <span class='ocrx_word' id='word_1_67' title='bbox 1732 1118 1850 1156; x_wconf 91' lang='lat' dir='ltr'>osse</span> <span class='ocrx_word' id='word_1_68' title='bbox 1894 1117 1975 1155; x_wconf 90' lang='lat' dir='ltr'><strong>sa-</strong></span> 
     </span>
     <span class='ocr_line' id='line_1_11' title="bbox 374 1190 1969 1259; baseline -0.001 -15"><span class='ocrx_word' id='word_1_69' title='bbox 374 1206 469 1245; x_wconf 89' lang='lat' dir='ltr'>cro</span> <span class='ocrx_word' id='word_1_70' title='bbox 508 1191 688 1245; x_wconf 86' lang='lat' dir='ltr'>coalita</span> <span class='ocrx_word' id='word_1_71' title='bbox 731 1202 886 1259; x_wconf 80' lang='lat' dir='ltr'>sunt,</span> <span class='ocrx_word' id='word_1_72' title='bbox 943 1202 994 1244; x_wconf 92' lang='lat' dir='ltr'>et</span> <span class='ocrx_word' id='word_1_73' title='bbox 1045 1192 1289 1247; x_wconf 89' lang='lat' dir='ltr'>musculis</span> <span class='ocrx_word' id='word_1_74' title='bbox 1341 1192 1706 1246; x_wconf 79' lang='lat' dir='ltr'><strong>extremitatum</strong></span> <span class='ocrx_word' id='word_1_75' title='bbox 1762 1190 1969 1244; x_wconf 88' lang='lat' dir='ltr'>inferio-</span> 
     </span>
     <span class='ocr_line' id='line_1_12' title="bbox 370 1276 1971 1348; baseline -0.004 -11"><span class='ocrx_word' id='word_1_76' title='bbox 370 1298 487 1337; x_wconf 84' lang='lat' dir='ltr'><strong>rum</strong></span> <span class='ocrx_word' id='word_1_77' title='bbox 536 1280 859 1336; x_wconf 85' lang='lat' dir='ltr'>insertionem</span> <span class='ocrx_word' id='word_1_78' title='bbox 904 1279 1146 1348; x_wconf 88' lang='lat' dir='ltr'><strong>praebent</strong></span> <span class='ocrx_word' id='word_1_79' title='bbox 1167 1320 1185 1347; x_wconf 82' lang='lat'><strong>‚</strong></span> <span class='ocrx_word' id='word_1_80' title='bbox 1224 1279 1298 1334; x_wconf 86' lang='lat' dir='ltr'>uti</span> <span class='ocrx_word' id='word_1_81' title='bbox 1344 1280 1490 1333; x_wconf 93' lang='lat' dir='ltr'><strong>etiam</strong></span> <span class='ocrx_word' id='word_1_82' title='bbox 1546 1278 1703 1333; x_wconf 90' lang='lat' dir='ltr'>costis</span> <span class='ocrx_word' id='word_1_83' title='bbox 1752 1276 1971 1332; x_wconf 89' lang='lat' dir='ltr'>musculi</span> 
     </span>
     <span class='ocr_line' id='line_1_13' title="bbox 371 1370 1440 1438; baseline -0.003 -11"><span class='ocrx_word' id='word_1_84' title='bbox 371 1372 571 1428; x_wconf 83' lang='lat' dir='ltr'><strong>humeri</strong></span> <span class='ocrx_word' id='word_1_85' title='bbox 618 1383 669 1424; x_wconf 92' lang='lat' dir='ltr'>et</span> <span class='ocrx_word' id='word_1_86' title='bbox 707 1370 899 1424; x_wconf 86' lang='lat' dir='ltr'><strong>brachii</strong></span> <span class='ocrx_word' id='word_1_87' title='bbox 952 1370 1245 1424; x_wconf 89' lang='lat' dir='ltr'>inseruntur</span> <span class='ocrx_word' id='word_1_88' title='bbox 1288 1370 1374 1438; x_wconf 85' lang='lat' dir='ltr'>(n</span> <span class='ocrx_word' id='word_1_89' title='bbox 1391 1370 1440 1438; x_wconf 84' lang='lat'>).</span> 
     </span>
    </p>

    <p class='ocr_par' dir='ltr' id='par_1_3' title="bbox 375 1454 1980 2061">
     <span class='ocr_line' id='line_1_14' title="bbox 446 1454 1976 1525; baseline -0.006 -11"><span class='ocrx_word' id='word_1_90' title='bbox 446 1461 582 1515; x_wconf 91' lang='lat' dir='ltr'>Sunt</span> <span class='ocrx_word' id='word_1_91' title='bbox 628 1458 775 1512; x_wconf 89' lang='lat' dir='ltr'><strong>etiam</strong></span> <span class='ocrx_word' id='word_1_92' title='bbox 823 1469 1029 1525; x_wconf 76' lang='lat' dir='ltr'><strong>costae,</strong></span> <span class='ocrx_word' id='word_1_93' title='bbox 1068 1473 1198 1523; x_wconf 89' lang='lat' dir='ltr'><strong>quae</strong></span> <span class='ocrx_word' id='word_1_94' title='bbox 1241 1472 1358 1512; x_wconf 89' lang='lat' dir='ltr'>cum</span> <span class='ocrx_word' id='word_1_95' title='bbox 1401 1456 1547 1523; x_wconf 85' lang='lat' dir='ltr'>spina</span> <span class='ocrx_word' id='word_1_96' title='bbox 1588 1469 1695 1508; x_wconf 89' lang='lat' dir='ltr'>non</span> <span class='ocrx_word' id='word_1_97' title='bbox 1734 1454 1976 1522; x_wconf 76' lang='lat' dir='ltr'>conjunc-</span> 
     </span>
     <span class='ocr_line' id='line_1_15' title="bbox 375 1547 1977 1609; baseline -0.004 -9"><span class='ocrx_word' id='word_1_98' title='bbox 375 1559 455 1601; x_wconf 83' lang='lat' dir='ltr'><strong>tae</strong></span> <span class='ocrx_word' id='word_1_99' title='bbox 508 1559 683 1601; x_wconf 89' lang='lat' dir='ltr'>sterno</span> <span class='ocrx_word' id='word_1_100' title='bbox 729 1557 927 1600; x_wconf 85' lang='lat' dir='ltr'><strong>tantum</strong></span> <span class='ocrx_word' id='word_1_101' title='bbox 983 1547 1269 1598; x_wconf 84' lang='lat' dir='ltr'><strong>adhaerent.</strong></span> <span class='ocrx_word' id='word_1_102' title='bbox 1346 1547 1594 1598; x_wconf 80' lang='lat' dir='ltr'>Sternum</span> <span class='ocrx_word' id='word_1_103' title='bbox 1656 1555 1840 1597; x_wconf 89' lang='lat' dir='ltr'>vocant</span> <span class='ocrx_word' id='word_1_104' title='bbox 1887 1558 1977 1609; x_wconf 85' lang='lat' dir='ltr'><strong>ap·</strong></span> 
     </span>
     <span class='ocr_line' id='line_1_16' title="bbox 378 1633 1975 1706; baseline -0.003 -16"><span class='ocrx_word' id='word_1_105' title='bbox 378 1646 608 1706; x_wconf 86' lang='lat' dir='ltr'><strong>paratum</strong></span> <span class='ocrx_word' id='word_1_106' title='bbox 644 1636 909 1702; x_wconf 87' lang='lat' dir='ltr'><strong>quemdam</strong></span> <span class='ocrx_word' id='word_1_107' title='bbox 950 1652 1011 1689; x_wconf 88' lang='lat' dir='ltr'>ex</span> <span class='ocrx_word' id='word_1_108' title='bbox 1056 1635 1289 1701; x_wconf 89' lang='lat' dir='ltr'>pluribus</span> <span class='ocrx_word' id='word_1_109' title='bbox 1339 1633 1544 1690; x_wconf 90' lang='lat' dir='ltr'>ossibus</span> <span class='ocrx_word' id='word_1_110' title='bbox 1593 1633 1932 1700; x_wconf 90' lang='lat' dir='ltr'>compositum</span> <span class='ocrx_word' id='word_1_111' title='bbox 1954 1673 1975 1699; x_wconf 79' lang='lat'>‚</span> 
     </span>
     <span class='ocr_line' id='line_1_17' title="bbox 380 1723 1972 1791; baseline -0.002 -13"><span class='ocrx_word' id='word_1_112' title='bbox 380 1736 434 1778; x_wconf 89' lang='lat' dir='ltr'>et</span> <span class='ocrx_word' id='word_1_113' title='bbox 475 1741 505 1778; x_wconf 90' lang='lat' dir='ltr'><strong>a</strong></span> <span class='ocrx_word' id='word_1_114' title='bbox 542 1724 912 1778; x_wconf 68' lang='lat' dir='ltr'><strong>latere&#39;ventris</strong></span> <span class='ocrx_word' id='word_1_115' title='bbox 956 1724 1183 1790; x_wconf 91' lang='lat' dir='ltr'>positum</span> <span class='ocrx_word' id='word_1_116' title='bbox 1222 1723 1296 1777; x_wconf 84' lang='lat' dir='ltr'>uti</span> <span class='ocrx_word' id='word_1_117' title='bbox 1343 1724 1487 1791; x_wconf 89' lang='lat' dir='ltr'>spina</span> <span class='ocrx_word' id='word_1_118' title='bbox 1526 1740 1703 1776; x_wconf 88' lang='lat' dir='ltr'><strong>versus</strong></span> <span class='ocrx_word' id='word_1_119' title='bbox 1742 1724 1972 1776; x_wconf 89' lang='lat' dir='ltr'><strong>dorsum.-</strong></span> 
     </span>
     <span class='ocr_line' id='line_1_18' title="bbox 378 1811 1978 1879; baseline -0.003 -10"><span class='ocrx_word' id='word_1_120' title='bbox 378 1815 617 1870; x_wconf 90' lang='lat' dir='ltr'><strong>Sternum</strong></span> <span class='ocrx_word' id='word_1_121' title='bbox 655 1814 708 1867; x_wconf 91' lang='lat' dir='ltr'>in</span> <span class='ocrx_word' id='word_1_122' title='bbox 751 1813 1008 1868; x_wconf 88' lang='lat' dir='ltr'>nonnullis</span> <span class='ocrx_word' id='word_1_123' title='bbox 1064 1811 1359 1866; x_wconf 89' lang='lat' dir='ltr'><strong>vertebratis</strong></span> <span class='ocrx_word' id='word_1_124' title='bbox 1410 1826 1517 1864; x_wconf 91' lang='lat' dir='ltr'>non</span> <span class='ocrx_word' id='word_1_125' title='bbox 1556 1811 1837 1879; x_wconf 82' lang='lat' dir='ltr'><strong>reperitur3</strong></span> <span class='ocrx_word' id='word_1_126' title='bbox 1889 1811 1978 1865; x_wconf 85' lang='lat' dir='ltr'>ubi</span> 
     </span>
     <span class='ocr_line' id='line_1_19' title="bbox 387 1902 1979 1971; baseline -0.002 -13"><span class='ocrx_word' id='word_1_127' title='bbox 387 1905 563 1971; x_wconf 80' lang='lat' dir='ltr'><strong>adest,</strong></span> <span class='ocrx_word' id='word_1_128' title='bbox 612 1903 937 1970; x_wconf 89' lang='lat' dir='ltr'>componitur</span> <span class='ocrx_word' id='word_1_129' title='bbox 993 1921 1020 1956; x_wconf 94' lang='lat' dir='ltr'><strong>e</strong></span> <span class='ocrx_word' id='word_1_130' title='bbox 1059 1902 1186 1956; x_wconf 90' lang='lat' dir='ltr'><strong>serie</strong></span> <span class='ocrx_word' id='word_1_131' title='bbox 1236 1902 1465 1967; x_wconf 76' lang='lat' dir='ltr'>ossium,</span> <span class='ocrx_word' id='word_1_132' title='bbox 1512 1919 1640 1968; x_wconf 87' lang='lat' dir='ltr'><strong>quae</strong></span> <span class='ocrx_word' id='word_1_133' title='bbox 1678 1904 1979 1969; x_wconf 89' lang='lat' dir='ltr'>plerumque</span> 
     </span>
     <span class='ocr_line' id='line_1_20' title="bbox 380 1991 1980 2061; baseline -0.004 -12"><span class='ocrx_word' id='word_1_134' title='bbox 380 1992 624 2050; x_wconf 84' lang='lat' dir='ltr'><strong>vertebris</strong></span> <span class='ocrx_word' id='word_1_135' title='bbox 668 1993 844 2048; x_wconf 90' lang='lat' dir='ltr'>similia</span> <span class='ocrx_word' id='word_1_136' title='bbox 885 2004 1006 2047; x_wconf 91' lang='lat' dir='ltr'>sunt</span> <span class='ocrx_word' id='word_1_137' title='bbox 1056 1992 1194 2061; x_wconf 79' lang='lat' dir='ltr'>(o).</span> <span class='ocrx_word' id='word_1_138' title='bbox 1268 1991 1464 2045; x_wconf 83' lang='lat' dir='ltr'>Phocae</span> <span class='ocrx_word' id='word_1_139' title='bbox 1504 2003 1730 2046; x_wconf 90' lang='lat' dir='ltr'><strong>sternum</strong></span> <span class='ocrx_word' id='word_1_140' title='bbox 1777 2008 1837 2044; x_wconf 85' lang='lat' dir='ltr'>ex</span> <span class='ocrx_word' id='word_1_141' title='bbox 1886 2007 1980 2044; x_wconf 92' lang='lat' dir='ltr'>no-</span> 
     </span>
    </p>

    <p class='ocr_par' dir='ltr' id='par_1_4' title="bbox 1867 2095 1984 2134">
     <span class='ocr_line' id='line_1_21' title="bbox 1867 2095 1984 2134; baseline 0 0"><span class='ocrx_word' id='word_1_142' title='bbox 1867 2095 1984 2134; x_wconf 89' lang='lat' dir='ltr'>vem</span> 
     </span>
    </p>
   </div>
   <div class='ocr_carea' id='block_1_3' title="bbox 390 2184 1985 3282">
    <p class='ocr_par' dir='ltr' id='par_1_5' title="bbox 390 2184 1978 3086">
     <span class='ocr_line' id='line_1_22' title="bbox 441 2184 1971 2245; baseline -0.003 -13"><span class='ocrx_word' id='word_1_143' title='bbox 441 2187 545 2245; x_wconf 79' lang='lat' dir='ltr'>(n)</span> <span class='ocrx_word' id='word_1_144' title='bbox 571 2186 829 2232; x_wconf 88' lang='lat' dir='ltr'>Dumeril</span> <span class='ocrx_word' id='word_1_145' title='bbox 871 2188 929 2231; x_wconf 87' lang='lat' dir='ltr'>L.</span> <span class='ocrx_word' id='word_1_146' title='bbox 975 2189 1009 2232; x_wconf 86' lang='lat' dir='ltr'>l.</span> <span class='ocrx_word' id='word_1_147' title='bbox 1047 2196 1095 2240; x_wconf 84' lang='lat' dir='ltr'>p.</span> <span class='ocrx_word' id='word_1_148' title='bbox 1138 2187 1364 2238; x_wconf 79' lang='lat'><strong>481—483.</strong></span> <span class='ocrx_word' id='word_1_149' title='bbox 1433 2185 1560 2239; x_wconf 85' lang='lat' dir='ltr'>Quod</span> <span class='ocrx_word' id='word_1_150' title='bbox 1600 2185 1652 2227; x_wconf 82' lang='lat' dir='ltr'><strong>ad</strong></span> <span class='ocrx_word' id='word_1_151' title='bbox 1694 2184 1792 2228; x_wconf 82' lang='lat' dir='ltr'>colli</span> <span class='ocrx_word' id='word_1_152' title='bbox 1828 2195 1971 2228; x_wconf 88' lang='lat' dir='ltr'><strong>verte-</strong></span> 
     </span>
     <span class='ocr_line' id='line_1_23' title="bbox 396 2256 1978 2313; baseline -0.003 -11"><span class='ocrx_word' id='word_1_153' title='bbox 396 2262 495 2303; x_wconf 84' lang='lat' dir='ltr'><strong>bras</strong></span> <span class='ocrx_word' id='word_1_154' title='bbox 530 2260 574 2303; x_wconf 83' lang='lat' dir='ltr'>in</span> <span class='ocrx_word' id='word_1_155' title='bbox 626 2261 851 2304; x_wconf 81' lang='lat' dir='ltr'>Crocodilo</span> <span class='ocrx_word' id='word_1_156' title='bbox 893 2262 1079 2313; x_wconf 67' lang='lat' dir='ltr'>vulgari</span> <span class='ocrx_word' id='word_1_157' title='bbox 1114 2259 1205 2299; x_wconf 89' lang='lat' dir='ltr'>vidi</span> <span class='ocrx_word' id='word_1_158' title='bbox 1243 2259 1285 2299; x_wconf 89' lang='lat' dir='ltr'>in</span> <span class='ocrx_word' id='word_1_159' title='bbox 1332 2259 1491 2300; x_wconf 88' lang='lat' dir='ltr'>sceleto</span> <span class='ocrx_word' id='word_1_160' title='bbox 1538 2256 1714 2309; x_wconf 83' lang='lat' dir='ltr'>pulcro,</span> <span class='ocrx_word' id='word_1_161' title='bbox 1769 2257 1883 2309; x_wconf 89' lang='lat' dir='ltr'>quod</span> <span class='ocrx_word' id='word_1_162' title='bbox 1933 2258 1978 2300; x_wconf 82' lang='lat' dir='ltr'>in</span> 
     </span>
     <span class='ocr_line' id='line_1_24' title="bbox 390 2326 1978 2384; baseline -0.003 -10"><span class='ocrx_word' id='word_1_163' title='bbox 390 2333 541 2374; x_wconf 88' lang='lat' dir='ltr'>Museo</span> <span class='ocrx_word' id='word_1_164' title='bbox 577 2330 786 2384; x_wconf 87' lang='lat' dir='ltr'>Leydensi</span> <span class='ocrx_word' id='word_1_165' title='bbox 824 2331 967 2382; x_wconf 87' lang='lat' dir='ltr'><strong>adest,</strong></span> <span class='ocrx_word' id='word_1_166' title='bbox 1010 2331 1112 2371; x_wconf 88' lang='lat' dir='ltr'><strong>duas</strong></span> <span class='ocrx_word' id='word_1_167' title='bbox 1144 2330 1376 2381; x_wconf 87' lang='lat' dir='ltr'><strong>superiores</strong></span> <span class='ocrx_word' id='word_1_168' title='bbox 1418 2329 1642 2371; x_wconf 83' lang='lat' dir='ltr'>instructas</span> <span class='ocrx_word' id='word_1_169' title='bbox 1688 2339 1776 2368; x_wconf 86' lang='lat' dir='ltr'>esse</span> <span class='ocrx_word' id='word_1_170' title='bbox 1815 2326 1978 2369; x_wconf 88' lang='lat' dir='ltr'>ossibus</span> 
     </span>
     <span class='ocr_line' id='line_1_25' title="bbox 394 2400 1971 2454; baseline -0.002 -12"><span class='ocrx_word' id='word_1_171' title='bbox 394 2400 627 2454; x_wconf 82' lang='lat' dir='ltr'>elongatis,</span> <span class='ocrx_word' id='word_1_172' title='bbox 665 2402 893 2443; x_wconf 85' lang='lat' dir='ltr'><strong>lateraliter</strong></span> <span class='ocrx_word' id='word_1_173' title='bbox 930 2400 1107 2452; x_wconf 89' lang='lat' dir='ltr'>positis,</span> <span class='ocrx_word' id='word_1_174' title='bbox 1148 2413 1255 2451; x_wconf 87' lang='lat' dir='ltr'><strong>quae</strong></span> <span class='ocrx_word' id='word_1_175' title='bbox 1293 2413 1387 2442; x_wconf 89' lang='lat' dir='ltr'>cum</span> <span class='ocrx_word' id='word_1_176' title='bbox 1429 2400 1554 2443; x_wconf 87' lang='lat' dir='ltr'>costis</span> <span class='ocrx_word' id='word_1_177' title='bbox 1579 2411 1827 2452; x_wconf 87' lang='lat' dir='ltr'><strong>magnopere</strong></span> <span class='ocrx_word' id='word_1_178' title='bbox 1868 2411 1971 2440; x_wconf 87' lang='lat' dir='ltr'>con-</span> 
     </span>
     <span class='ocr_line' id='line_1_26' title="bbox 395 2467 1969 2525; baseline -0.002 -14"><span class='ocrx_word' id='word_1_179' title='bbox 395 2470 591 2515; x_wconf 84' lang='lat' dir='ltr'>veniunt.</span> <span class='ocrx_word' id='word_1_180' title='bbox 649 2471 846 2525; x_wconf 88' lang='lat' dir='ltr'>Quinque</span> <span class='ocrx_word' id='word_1_181' title='bbox 873 2469 970 2510; x_wconf 89' lang='lat' dir='ltr'>dein</span> <span class='ocrx_word' id='word_1_182' title='bbox 994 2480 1226 2520; x_wconf 89' lang='lat' dir='ltr'>sequuntur</span> <span class='ocrx_word' id='word_1_183' title='bbox 1262 2472 1482 2510; x_wconf 81' lang='lat' dir='ltr'><strong>vertebrae</strong></span> <span class='ocrx_word' id='word_1_184' title='bbox 1511 2473 1577 2523; x_wconf 87' lang='lat'>(7</span> <span class='ocrx_word' id='word_1_185' title='bbox 1619 2469 1729 2510; x_wconf 88' lang='lat' dir='ltr'>enim</span> <span class='ocrx_word' id='word_1_186' title='bbox 1749 2467 1850 2509; x_wconf 88' lang='lat' dir='ltr'>colli</span> <span class='ocrx_word' id='word_1_187' title='bbox 1873 2480 1969 2508; x_wconf 86' lang='lat' dir='ltr'><strong>ver·</strong></span> 
     </span>
     <span class='ocr_line' id='line_1_27' title="bbox 392 2538 1972 2594; baseline -0.002 -12"><span class='ocrx_word' id='word_1_188' title='bbox 392 2542 531 2583; x_wconf 87' lang='lat' dir='ltr'><strong>tebras</strong></span> <span class='ocrx_word' id='word_1_189' title='bbox 554 2542 637 2582; x_wconf 86' lang='lat' dir='ltr'>hoc</span> <span class='ocrx_word' id='word_1_190' title='bbox 662 2553 792 2594; x_wconf 86' lang='lat' dir='ltr'>genus</span> <span class='ocrx_word' id='word_1_191' title='bbox 832 2538 1026 2588; x_wconf 85' lang='lat' dir='ltr'><strong>habet),</strong></span> <span class='ocrx_word' id='word_1_192' title='bbox 1058 2538 1208 2588; x_wconf 90' lang='lat' dir='ltr'>quibus</span> <span class='ocrx_word' id='word_1_193' title='bbox 1247 2548 1524 2579; x_wconf 85' lang='lat' dir='ltr'>annectuntur</span> <span class='ocrx_word' id='word_1_194' title='bbox 1558 2551 1649 2580; x_wconf 92' lang='lat' dir='ltr'><strong>ossa</strong></span> <span class='ocrx_word' id='word_1_195' title='bbox 1684 2539 1877 2580; x_wconf 87' lang='lat' dir='ltr'><strong>breviora</strong></span> <span class='ocrx_word' id='word_1_196' title='bbox 1917 2541 1972 2579; x_wconf 93' lang='lat' dir='ltr'><strong>ab</strong></span> 
     </span>
     <span class='ocr_line' id='line_1_28' title="bbox 398 2607 1974 2666; baseline -0.001 -14"><span class='ocrx_word' id='word_1_197' title='bbox 398 2620 578 2663; x_wconf 86' lang='lat' dir='ltr'>utroque</span> <span class='ocrx_word' id='word_1_198' title='bbox 611 2612 865 2666; x_wconf 82' lang='lat' dir='ltr'>singularum</span> <span class='ocrx_word' id='word_1_199' title='bbox 889 2611 1175 2650; x_wconf 86' lang='lat' dir='ltr'><strong>vertebrarum</strong></span> <span class='ocrx_word' id='word_1_200' title='bbox 1216 2607 1374 2658; x_wconf 84' lang='lat' dir='ltr'><strong>latere,</strong></span> <span class='ocrx_word' id='word_1_201' title='bbox 1414 2621 1521 2658; x_wconf 89' lang='lat' dir='ltr'><strong>quae</strong></span> <span class='ocrx_word' id='word_1_202' title='bbox 1563 2610 1718 2660; x_wconf 87' lang='lat' dir='ltr'>duplici</span> <span class='ocrx_word' id='word_1_203' title='bbox 1753 2611 1974 2661; x_wconf 84' lang='lat' dir='ltr'><strong>apophyse</strong></span> 
     </span>
     <span class='ocr_line' id='line_1_29' title="bbox 397 2676 1974 2737; baseline -0.001 -16"><span class='ocrx_word' id='word_1_204' title='bbox 397 2680 613 2737; x_wconf 83' lang='lat' dir='ltr'>oriuntur,</span> <span class='ocrx_word' id='word_1_205' title='bbox 665 2691 760 2732; x_wconf 82' lang='lat' dir='ltr'>post</span> <span class='ocrx_word' id='word_1_206' title='bbox 801 2681 973 2720; x_wconf 88' lang='lat' dir='ltr'><strong>brevem</strong></span> <span class='ocrx_word' id='word_1_207' title='bbox 1002 2676 1219 2718; x_wconf 88' lang='lat' dir='ltr'>decursum</span> <span class='ocrx_word' id='word_1_208' title='bbox 1268 2677 1310 2718; x_wconf 90' lang='lat' dir='ltr'>in</span> <span class='ocrx_word' id='word_1_209' title='bbox 1349 2689 1474 2718; x_wconf 89' lang='lat' dir='ltr'>unum</span> <span class='ocrx_word' id='word_1_210' title='bbox 1526 2691 1676 2730; x_wconf 88' lang='lat' dir='ltr'>corpus</span> <span class='ocrx_word' id='word_1_211' title='bbox 1716 2681 1974 2725; x_wconf 86' lang='lat' dir='ltr'>confluente.</span> 
     </span>
     <span class='ocr_line' id='line_1_30' title="bbox 399 2748 1978 2794; baseline 0.002 -5"><span class='ocrx_word' id='word_1_212' title='bbox 399 2749 449 2789; x_wconf 87' lang='lat' dir='ltr'>In</span> <span class='ocrx_word' id='word_1_213' title='bbox 476 2749 709 2791; x_wconf 86' lang='lat' dir='ltr'>struthione</span> <span class='ocrx_word' id='word_1_214' title='bbox 752 2749 794 2790; x_wconf 87' lang='lat' dir='ltr'>in</span> <span class='ocrx_word' id='word_1_215' title='bbox 832 2750 987 2791; x_wconf 87' lang='lat' dir='ltr'>ultimis</span> <span class='ocrx_word' id='word_1_216' title='bbox 1027 2748 1125 2792; x_wconf 86' lang='lat' dir='ltr'>colli</span> <span class='ocrx_word' id='word_1_217' title='bbox 1175 2749 1380 2790; x_wconf 85' lang='lat' dir='ltr'><strong>vertebris</strong></span> <span class='ocrx_word' id='word_1_218' title='bbox 1416 2751 1539 2790; x_wconf 83' lang='lat' dir='ltr'><strong>etiarn</strong></span> <span class='ocrx_word' id='word_1_219' title='bbox 1581 2762 1787 2794; x_wconf 84' lang='lat' dir='ltr'><strong>costarum</strong></span> <span class='ocrx_word' id='word_1_220' title='bbox 1830 2752 1978 2793; x_wconf 88' lang='lat' dir='ltr'>adsunt</span> 
     </span>
     <span class='ocr_line' id='line_1_31' title="bbox 398 2819 1976 2871; baseline -0.002 -11"><span class='ocrx_word' id='word_1_221' title='bbox 398 2821 603 2869; x_wconf 85' lang='lat' dir='ltr'><strong>quaedam</strong></span> <span class='ocrx_word' id='word_1_222' title='bbox 642 2819 902 2871; x_wconf 85' lang='lat' dir='ltr'><strong>rudimenta,</strong></span> <span class='ocrx_word' id='word_1_223' title='bbox 943 2831 1050 2870; x_wconf 89' lang='lat' dir='ltr'><strong>quae</strong></span> <span class='ocrx_word' id='word_1_224' title='bbox 1088 2819 1212 2860; x_wconf 85' lang='lat' dir='ltr'><strong>etiam</strong></span> <span class='ocrx_word' id='word_1_225' title='bbox 1248 2821 1289 2860; x_wconf 91' lang='lat' dir='ltr'>in</span> <span class='ocrx_word' id='word_1_226' title='bbox 1315 2821 1515 2863; x_wconf 84' lang='lat' dir='ltr'><strong>Casuario</strong></span> <span class='ocrx_word' id='word_1_227' title='bbox 1542 2825 1690 2865; x_wconf 89' lang='lat' dir='ltr'><strong>Novae</strong></span> <span class='ocrx_word' id='word_1_228' title='bbox 1730 2820 1976 2861; x_wconf 82' lang='lat' dir='ltr'>Hollandiae</span> 
     </span>
     <span class='ocr_line' id='line_1_32' title="bbox 400 2890 1974 2945; baseline -0.001 -14"><span class='ocrx_word' id='word_1_229' title='bbox 400 2890 693 2934; x_wconf 83' lang='lat' dir='ltr'><strong>observantur.</strong></span> <span class='ocrx_word' id='word_1_230' title='bbox 751 2892 863 2933; x_wconf 89' lang='lat' dir='ltr'>Vide</span> <span class='ocrx_word' id='word_1_231' title='bbox 901 2894 1120 2945; x_wconf 76' lang='lat' dir='ltr'>specimen</span> <span class='ocrx_word' id='word_1_232' title='bbox 1135 2894 1415 2944; x_wconf 67' lang='lat' dir='ltr'>Zocilogicum</span> <span class='ocrx_word' id='word_1_233' title='bbox 1443 2895 1545 2934; x_wconf 86' lang='lat' dir='ltr'><strong>sist.</strong></span> <span class='ocrx_word' id='word_1_234' title='bbox 1579 2893 1765 2934; x_wconf 70' lang='lat' dir='ltr'>observ.</span> <span class='ocrx_word' id='word_1_235' title='bbox 1805 2892 1856 2931; x_wconf 82' lang='lat' dir='ltr'>de</span> <span class='ocrx_word' id='word_1_236' title='bbox 1887 2892 1974 2930; x_wconf 86' lang='lat' dir='ltr'>Ca·</span> 
     </span>
     <span class='ocr_line' id='line_1_33' title="bbox 404 2958 1974 3014; baseline 0.004 -17"><span class='ocrx_word' id='word_1_237' title='bbox 404 2970 537 3000; x_wconf 78' lang='lat' dir='ltr'><strong>suar.</strong></span> <span class='ocrx_word' id='word_1_238' title='bbox 580 2958 699 3001; x_wconf 79' lang='grc' dir='ltr'><strong><em>Νον.</em></strong></span> <span class='ocrx_word' id='word_1_239' title='bbox 745 2963 867 3003; x_wconf 87' lang='lat' dir='ltr'>Holl.</span> <span class='ocrx_word' id='word_1_240' title='bbox 923 2963 1116 3000; x_wconf 82' lang='lat' dir='ltr'>Auctore</span> <span class='ocrx_word' id='word_1_241' title='bbox 1154 2961 1205 3002; x_wconf 88' lang='lat' dir='ltr'>P.</span> <span class='ocrx_word' id='word_1_242' title='bbox 1252 2962 1296 3013; x_wconf 90' lang='lat' dir='ltr'>J.</span> <span class='ocrx_word' id='word_1_243' title='bbox 1336 2963 1380 3014; x_wconf 92' lang='lat' dir='ltr'>J.</span> <span class='ocrx_word' id='word_1_244' title='bbox 1424 2960 1485 3002; x_wconf 87' lang='lat' dir='ltr'>de</span> <span class='ocrx_word' id='word_1_245' title='bbox 1526 2962 1630 3001; x_wconf 85' lang='lat' dir='ltr'><strong>Fre</strong></span> <span class='ocrx_word' id='word_1_246' title='bbox 1647 2974 1829 3014; x_wconf 88' lang='lat' dir='ltr'><strong>mery,</strong></span> <span class='ocrx_word' id='word_1_247' title='bbox 1869 2963 1974 3006; x_wconf 79' lang='lat' dir='ltr'><strong>8VO.</strong></span> 
     </span>
     <span class='ocr_line' id='line_1_34' title="bbox 405 3029 1259 3086; baseline 0.005 -14"><span class='ocrx_word' id='word_1_248' title='bbox 405 3029 538 3082; x_wconf 82' lang='lat' dir='ltr'><strong>Traj.</strong></span> <span class='ocrx_word' id='word_1_249' title='bbox 582 3032 642 3071; x_wconf 84' lang='lat' dir='ltr'>ad</span> <span class='ocrx_word' id='word_1_250' title='bbox 693 3032 782 3075; x_wconf 84' lang='lat' dir='ltr'>Rh.</span> <span class='ocrx_word' id='word_1_251' title='bbox 830 3035 945 3086; x_wconf 84' lang='lat'><strong>1319.</strong></span> <span class='ocrx_word' id='word_1_252' title='bbox 990 3034 1091 3085; x_wconf 78' lang='lat' dir='ltr'>Fig.</span> <span class='ocrx_word' id='word_1_253' title='bbox 1134 3032 1173 3075; x_wconf 96' lang='lat' dir='ltr'>I.</span> <span class='ocrx_word' id='word_1_254' title='bbox 1219 3045 1259 3076; x_wconf 82' lang='lat' dir='ltr'>e.</span> 
     </span>
    </p>

    <p class='ocr_par' dir='ltr' id='par_1_6' title="bbox 414 3097 1979 3227">
     <span class='ocr_line' id='line_1_35' title="bbox 456 3097 1975 3155; baseline 0.002 -16"><span class='ocrx_word' id='word_1_255' title='bbox 456 3097 558 3152; x_wconf 90' lang='grc' dir='ltr'>(ο)</span> <span class='ocrx_word' id='word_1_256' title='bbox 585 3100 695 3141; x_wconf 86' lang='lat' dir='ltr'>Vide</span> <span class='ocrx_word' id='word_1_257' title='bbox 748 3102 965 3144; x_wconf 78' lang='lat' dir='ltr'>Oken⁹s</span> <span class='ocrx_word' id='word_1_258' title='bbox 1015 3103 1242 3143; x_wconf 72' lang='lat' dir='ltr'>Lehrbuclz</span> <span class='ocrx_word' id='word_1_259' title='bbox 1296 3105 1374 3143; x_wconf 82' lang='lat' dir='ltr'>der</span> <span class='ocrx_word' id='word_1_260' title='bbox 1413 3103 1841 3155; x_wconf 63' lang='lat' dir='ltr'>Numi-philosophie</span> <span class='ocrx_word' id='word_1_261' title='bbox 1888 3100 1975 3142; x_wconf 88' lang='grc' dir='ltr'><strong>ΙΙΙ.</strong></span> 
     </span>
     <span class='ocr_line' id='line_1_36' title="bbox 414 3169 1979 3227; baseline -0.001 -15"><span class='ocrx_word' id='word_1_262' title='bbox 414 3169 518 3214; x_wconf 79' lang='lat' dir='ltr'><strong>8v0.</strong></span> <span class='ocrx_word' id='word_1_263' title='bbox 559 3171 607 3213; x_wconf 87' lang='lat' dir='ltr'>S.</span> <span class='ocrx_word' id='word_1_264' title='bbox 636 3170 718 3222; x_wconf 85' lang='lat'>64,</span> <span class='ocrx_word' id='word_1_265' title='bbox 749 3171 801 3224; x_wconf 89' lang='lat'>65</span> <span class='ocrx_word' id='word_1_266' title='bbox 825 3175 862 3226; x_wconf 67' lang='grc' dir='ltr'>ς.</span> <span class='ocrx_word' id='word_1_267' title='bbox 902 3184 1004 3225; x_wconf 77' lang='lat'>2059</span> <span class='ocrx_word' id='word_1_268' title='bbox 1045 3175 1182 3224; x_wconf 78' lang='lat' dir='ltr'>(Jemz</span> <span class='ocrx_word' id='word_1_269' title='bbox 1213 3174 1349 3227; x_wconf 77' lang='lat'><strong>1311)</strong></span> <span class='ocrx_word' id='word_1_270' title='bbox 1379 3173 1449 3215; x_wconf 82' lang='lat' dir='ltr'>Cf.</span> <span class='ocrx_word' id='word_1_271' title='bbox 1487 3174 1713 3215; x_wconf 87' lang='lat' dir='ltr'>Gocthe</span> <span class='ocrx_word' id='word_1_272' title='bbox 1760 3175 1856 3215; x_wconf 77' lang='lat' dir='ltr'>Zur</span> <span class='ocrx_word' id='word_1_273' title='bbox 1882 3174 1979 3213; x_wconf 78' lang='lat' dir='ltr'>Na-</span> 
     </span>
    </p>

    <p class='ocr_par' dir='ltr' id='par_1_7' title="bbox 1891 3250 1985 3282">
     <span class='ocr_line' id='line_1_37' title="bbox 1891 3250 1985 3282; baseline -0.032 0"><span class='ocrx_word' id='word_1_274' title='bbox 1891 3250 1985 3282; x_wconf 72' lang='lat' dir='ltr'>tuf-</span> 
     </span>
    </p>
   </div>
  </div>
 </body>
</html>
