2266 3923
617 259 695 300 m„
760 200 1106 301 SCELETO
1176 236 1490 297 PIscmM.
1782 261 1853 322 ⁵7

279 418 283 421 ·
329 400 430 457 Est
472 393 602 452 enim
654 396 903 466 ejusmodi
948 395 1125 467 capitis
1170 395 1224 452 in
1268 396 1350 453 his
1397 393 1689 451 animalibus
1730 411 1859 456 cum.

257 491 403 560 spina
453 486 728 543 articulatio
745 528 766 555 ‚
832 501 893 544 ut
939 501 1111 545 motus
1167 503 1355 557 parvus
1396 486 1498 555 sit,
1531 499 1582 542 et
1632 486 1686 539 in
1723 502 1848 553 qua·-

258 593 477 644 cumque
560 578 831 633 directione
888 579 1041 633 arctis
1097 576 1505 645 circumscriptus
1586 574 1850 632 limitibus-

255 666 477 723 Unicum
521 680 599 722 est
644 668 698 720 in
742 668 954 735 occipite
1004 684 1158 735 supra
1200 669 1427 723 foramen
1472 663 1730 733 occipitale
1771 674 1853 720 tu-

251 747 509 810 berculum
528 794 549 823 ‚
613 763 837 824 quocum
855 795 874 822 ‚
941 756 1284 825 cartilaginum
1338 768 1389 810 et
1450 755 1852 811 membranarum

247 842 531 897 interventu
549 881 570 909 ,
643 843 886 899 vertebris
945 845 1230 916 adjungitur
1243 885 1264 913 ‚
1319 846 1480 914 planis
1549 845 1850 901 concavisve

249 933 628 1001 superficiebus.
731 934 792 987 In
858 934 1075 1006 Squalis
1094 976 1113 1002 ,
1193 936 1457 1006 Rajisque
1511 937 1698 1002 duplex
1736 936 1848 1003 qui-

253 1023 367 1076 dem
409 1024 548 1077 adest
603 1022 920 1077 tuberculum
937 1063 956 1090 ,
1006 1025 1151 1093 cujus
1205 1042 1305 1094 ope
1348 1024 1502 1079 cranii
1546 1039 1665 1079 cum
1705 1024 1853 1092 spina

252 1111 511 1178 perficitur
551 1111 867 1179 articulati03
917 1129 1093 1167 verum
1125 1114 1177 1166 in
1225 1115 1304 1168 his
1343 1116 1485 1169 etiam
1528 1128 1706 1180 parum
1739 1128 1851 1165 mo-

249 1199 364 1253 bilis
407 1213 485 1254 est
517 1199 658 1254 hicce
695 1215 856 1255 nexus
873 1240 892 1269 ,
946 1212 997 1255 et
1055 1201 1281 1257 firmatus
1326 1203 1466 1257 fibris
1508 1198 1848 1269 ligamentosis

246 1286 410 1354 iisque
461 1287 636 1342 validis
676 1289 703 1354 (
718 1288 811 1357 b).

319 1375 503 1430 Motus
552 1377 726 1445 spinae
764 1377 1023 1445 perficitur
1056 1380 1299 1434 musculis
1319 1418 1338 1443 ,
1378 1395 1484 1433 non
1526 1390 1640 1432 ante
1680 1389 1845 1433 verte·

244 1464 360 1519 bras
418 1468 498 1519 vel
543 1478 666 1533 post
731 1484 813 1521 eas
862 1469 1117 1523 collocatis
1137 1509 1156 1536 ‚
1192 1470 1284 1523 sed
1328 1468 1589 1522 lateraliter
1637 1468 1841 1536 positis·

242 1551 340 1606 His
384 1555 626 1608 musculis
673 1555 957 1610 lateralibus
1001 1558 1158 1609 cauda
1207 1555 1261 1607 in
1325 1571 1485 1609 unum
1530 1557 1845 1621 alterumque

238 1639 370 1694 latus
434 1655 666 1697 movetur
724 1642 978 1709 vicissim,
1050 1654 1101 1695 et
1151 1643 1215 1696 ad
1257 1654 1409 1708 caput
1449 1643 1684 1697 flectitur.
1758 1643 1846 1696 In-

240 1741 319 1783 est
369 1729 422 1782 in
477 1731 576 1784 hoc
627 1743 774 1786 motu
827 1732 1151 1798 praecipuum
1199 1742 1399 1783 natatus
1447 1731 1842 1799 adminiculum,

240 1819 382 1883 quod
428 1819 663 1872 movendi
714 1834 874 1886 genus
920 1831 1040 1886 post
1084 1819 1420 1872 ssorellum
1474 1830 1703 1872 accurate
1751 1819 1838 1872 de-

234 1907 482 1973 scripsere
518 1908 730 1960 Barth
751 1908 976 1973 eziuS‚
1031 1919 1081 1960 et
1121 1924 1149 1959 e
1193 1906 1501 1961 nostratibus
1545 1906 1837 1964 immortalis

235 1994 767 2064 BrugmansiUS,
828 1995 891 2046 ad
945 2009 1164 2059 quorum
1221 1993 1449 2060 scripta,
1512 2009 1577 2047 ne
1637 2012 1667 2049 a
1712 2012 1836 2064 pro·

233 2083 406 2152 posito
450 2083 672 2136 aberrem
697 2121 717 2147 ‚
779 2080 1007 2149 ablegare
1058 2081 1181 2134 mihi
1225 2081 1371 2135 liceat
1428 2082 1642 2136 lectores
1682 2086 1828 2156 (c).

233 2175 294 2230 Id
349 2172 501 2242 igitur
532 2183 737 2225 notasse
781 2171 1025 2237 sufficiat,
1057 2172 1262 2225 caudam
1300 2172 1353 2224 in
1404 2173 1628 2239 piscibus
1677 2175 1835 2244 magis

231 2280 344 2319 esse
401 2260 682 2325 evolutam,
752 2274 901 2324 quam
964 2258 1015 2310 in
1077 2258 1261 2324 quovis
1316 2258 1413 2312 alio
1477 2261 1708 2329 animali,
1767 2264 1835 2319 ita

231 2364 291 2406 ut
349 2350 475 2404 illud
533 2362 760 2416 organon
803 2363 962 2414 paene
1007 2347 1256 2414 piscinum
1300 2365 1630 2417 vocaremuS‚
1681 2363 1732 2404 et
1777 2352 1833 2406 in

231 2440 339 2494 aliis
393 2436 685 2491 animalibus
750 2436 956 2489 caudam
1000 2436 1350 2490 tantummodo
1395 2449 1453 2491 ut
1490 2437 1830 2493 rudimentum

226 2527 381 2595 hujus
437 2522 610 2594 organi
685 2523 1111 2577 consulet-aremus
1188 2540 1245 2577 ac
1312 2525 1469 2579 veluti
1534 2526 1823 2596 vestigium.

227 2615 386 2684 Quod
437 2629 498 2667 eo
545 2611 858 2668 verisimilius
912 2610 1000 2678 fit,
1054 2612 1099 2665 si
1137 2613 1415 2681 cogitemus
1465 2614 1782 2670 functionum
1804 2656 1826 2683 ‚

1715 2705 1827 2772 qui-

278 2808 378 2862 (b)
407 2805 627 2849 Cuvier
664 2805 829 2856 Lepons
869 2805 909 2847 Ι.
949 2813 999 2857 p.
1030 2816 1138 2855 231,
1181 2817 1280 2856 232.

233 2876 239 2879 ”
278 2878 651 2930 (c)Batthez
705 2876 925 2917 Nouvelle
993 2879 1273 2929 mdclzant'que
1324 2879 1399 2918 des
1440 2889 1712 2920 mouvemens
1760 2881 1814 2921 de

228 2949 447 2993 l'Homme
482 2956 526 2987 et
564 2948 639 2986 des
679 2946 921 2988 Animaux.
950 2946 977 2985 ὰ
1008 2946 1311 2987 carcassonne
1341 2946 1459 2998 1798.
1487 2958 1577 3000 4to.
1617 2960 1666 3003 p.
1710 2960 1802 3003 157·

230 3031 354 3071 seqq.
412 3018 485 3057 Du
511 3028 651 3068 nager
691 3016 766 3055 des
807 3015 1050 3064 Poisson53
1081 3033 1131 3044 -
1161 3015 1506 3067 Brugmans,
1535 3016 1578 3057 in
1603 3019 1804 3059 Verban-

227 3090 429 3141 delingen
471 3100 558 3128 van
599 3086 650 3126 de
702 3092 845 3125 eerste
899 3085 1063 3124 Klasse
1100 3097 1188 3126 van
1236 3086 1306 3125 het
1350 3085 1623 3130 Hollandsclz
1664 3087 1803 3130 Insti-

224 3165 346 3201 tuut.
388 3157 426 3200 1.
472 3157 552 3200 DI.
595 3157 822 3197 Amstcrd.
866 3162 958 3202 ato.
1001 3152 1121 3222 ιδῃ.
1161 3163 1209 3206 p.
1258 3154 1348 3207 185.
1391 3167 1490 3208 sqq.

1053 3227 1058 3233 '
1141 3224 1195 3277 Η
