2266 3923
415 227 480 296 48
803 224 1637 283 DISSERTATIO

453 416 461 423 „
490 380 548 435 In
600 379 821 448 piscibus
883 392 1031 443 saepe
1079 393 1195 443 pars
1248 381 1467 434 anterior
1509 381 1662 436 cranii
1702 392 1807 434 non
1847 379 2013 436 clausa

424 481 535 536 est,
574 480 655 533 et,
689 467 740 520 in
776 463 1005 532 pluribus
1046 464 1374 522 foraminibus
1421 484 1527 522 non
1565 469 1746 538 divisi,
1773 484 1864 536 per
1894 485 2011 537 spa-a

421 558 546 612 tium
595 569 808 610 vacuum
878 553 1016 606 nervi
1073 552 1324 608 olfactorii
1382 568 1679 625 transeunt,
1743 559 1884 627 quod
1954 557 2009 611 in

423 646 583 699 Esose
639 656 689 697 et
753 641 1098 695 Anarrhicha
1155 643 1324 698 locum
1387 644 1556 699 habet.
1644 646 1704 699 In
1751 646 1916 711 Rajis
1957 654 2009 696 et

423 735 635 806 Squalis
687 734 789 787 duo
851 729 1094 786 foramina
1141 733 1326 788 adsunt
1364 751 1462 802 pro
1507 751 1664 791 nervo
1712 733 1975 791 olfactorio
1994 769 2016 800 ‚

424 822 552 892 quae
592 840 620 878 a
655 839 766 878 sese
818 822 1028 877 invicem
1070 838 1254 889 magno
1294 823 1413 877 satis
1460 837 1651 878 remota
1706 837 1827 879 sunt
1865 825 2015 877 inter-

422 916 556 970 vallo
609 915 689 976 (k
709 916 759 980 ).
857 912 915 965 In
974 910 1111 962 hisce
1177 908 1320 964 etiam
1403 912 1893 983 Chondropterygiis
1966 923 2019 964 et

427 1002 599 1057 multis
643 1001 801 1055 osseis
824 1039 844 1066 ‚
892 999 1086 1068 Triglis
1129 1016 1183 1052 v.
1233 1015 1280 1053 c.
1303 1039 1322 1066 ,
1353 1000 1586 1056 cavitates
1625 1002 1733 1055 nasi
1762 999 2015 1067 simplices

426 1103 583 1156 sunt,
648 1105 764 1142 cum
821 1086 923 1142 oris
970 1102 1094 1141 cavo
1136 1087 1489 1143 commercium
1532 1104 1637 1142 non
1677 1090 1886 1144 alentes.
1956 1087 2019 1140 In

428 1177 682 1246 plerisque
739 1193 858 1230 vero
917 1175 1077 1230 osseis
1116 1175 1282 1229 fossae
1339 1178 1561 1245 nasales,
1600 1179 1777 1245 partim
1817 1189 2012 1231 tantum

429 1284 638 1333 osseae,
692 1265 1050 1322 membranosis
1101 1265 1325 1332 partibus
1383 1267 1716 1323 absolvuntur
1768 1279 1817 1321 et
1869 1264 2023 1341 perfia.

353 1388 356 1391 ⁴
427 1355 630 1410 ciuntur
663 1354 791 1436 (Ι).
1885 1345 1891 1353 ’

755 1534 784 1601 §
825 1550 873 1601 3.
947 1532 1033 1585 De
1069 1532 1259 1586 ossibus
1296 1534 1488 1603 organi
1523 1533 1681 1587 visu-s.

488 1708 684 1763 Orbita
736 1708 946 1774 piscium
1007 1708 1172 1761 differt
1224 1707 1418 1775 forma,
1483 1707 1752 1761 directione
1794 1719 1844 1760 et
1895 1723 2022 1762 mar·

433 1799 606 1868 ginum
656 1797 1046 1865 compositione.
1125 1797 1366 1850 Lateralis
1407 1808 1485 1850 est
1524 1797 1578 1848 in
1615 1796 1868 1866 plerisque
1919 1797 2022 1864 pis-

435 1889 598 1942 cibus.
674 1888 774 1940 Sed
814 1887 865 1939 in
897 1886 1195 1952 quibusdam
1241 1902 1441 1940 sursum
1472 1884 1797 1953 spectat‚uti
1841 1885 1892 1936 in
1935 1901 2021 1951 eo,

435 1978 517 2032 cui
569 1976 630 2029 ab
695 1976 786 2028 hac
833 1991 885 2025 re
939 1987 1125 2025 nomen
1167 1973 1335 2025 datum
1387 1984 1498 2038 est„
1550 1974 1895 2042 Uranoscopo.
1968 1973 2028 2025 In

438 2063 918 2121 Pleuronectidibus
971 2078 1069 2115 una
1130 2073 1320 2114 tantum
1409 2061 1572 2114 orbita
1635 2061 1857 2126 perfecta
1928 2074 2030 2117 est.

439 2156 746 2211 Dividuntur
773 2148 1169 2219 pkuronectides
1228 2151 1504 2205 secundum
1552 2150 1853 2216 positionem
1901 2166 2024 2203 ocu-

439 2246 602 2299 lorum
647 2244 696 2296 in
742 2258 846 2296 uno
886 2243 1103 2294 alterove
1147 2240 1332 2305 latere3
1393 2239 1445 2292 in
1502 2239 1579 2292 his
1625 2238 1753 2291 enim
1803 2237 2027 2305 piscibus

443 2350 601 2389 unum
644 2334 774 2386 latus
822 2331 963 2398 quasi
1006 2331 1213 2384 dorsum
1260 2327 1446 2381 factum
1495 2341 1571 2381 est
1595 2367 1611 2393 ‚
1651 2329 1856 2380 aiterum
1906 2341 2027 2379 ven.-

445 2433 553 2486 ter3
619 2437 744 2486 quae
798 2418 1062 2486 dispositio
1121 2417 1316 2485 egregie
1356 2416 1598 2468 illustrata
1641 2427 1717 2468 est
1755 2433 1782 2469 a
1825 2431 2029 2470 summo

444 2508 940 2568 Autenriethio
991 2515 1078 2572 (m
1100 2506 1148 2575 ).
1224 2507 1484 2574 Margines
1533 2505 1759 2572 corporis
1787 2506 2035 2574 applanati

1940 2593 2031 2647 ho·-

450 2757 677 2800 vierius
733 2756 775 2796 in
830 2755 1180 2807 praelectionibus
1232 2753 1284 2794 ad
1335 2752 1482 2794 nasaHa
1535 2752 1753 2804 pertinere.
1809 2753 2024 2807 arbitratus

455 2837 546 2879 est,
570 2863 573 2865 .
598 2827 705 2868 unde
759 2826 1051 2877 explicandum
1096 2824 1211 2875 quod
1250 2824 1457 2865 nonnullis
1498 2824 1681 2876 piscibus
1718 2830 1895 2871 quatuor
1932 2832 2023 2861 ossa

455 2889 541 2937 nasi
580 2896 769 2937 tribuerit
809 2894 988 2946 (ibid).
1045 2896 1192 2947 Postea
1229 2893 1270 2933 in
1306 2897 1458 2946 Regno
1500 2893 1664 2934 animali
1688 2892 1757 2934 illa
1784 2903 1874 2933 ossa
1893 2889 2021 2942 fron·

457 2968 571 3006 talia
614 2969 840 3008 antem'ora
883 2965 1072 3007 vocavit.
1113 2966 1184 3007 Pl.
1222 2964 1349 3005 VIII.
1391 2966 1427 3007 b.

513 3036 625 3087 (k)
653 3037 901 3087 Cuvic1·,
929 3038 1096 3087 Lefons
1134 3036 1193 3074 11.
1236 3044 1280 3087 p.
1322 3047 1402 3096 55.x

512 3106 867 3157 (neuvier,
897 3109 950 3148 L.
993 3109 1023 3149 Ι.
1063 3115 1108 3157 p.
1149 3106 1234 3155 81,
1276 3105 1342 3145 82.

515 3175 636 3230 (m)
667 3177 988 3228 B-emcrkemgcn
1047 3176 1149 3218 iiber
1202 3176 1281 3216 den
1333 3176 1428 3216 Bau
1477 3174 1555 3215 der
1606 3175 1803 3226 Sclzolle‚
1842 3174 2025 3215 Pleuro-

1933 3252 2026 3281 nec-
