2266 3923
356 222 423 269 ιε
676 198 1618 266 PROLEGOMENA.

795 358 911 425 quia
945 359 1002 413 in
1044 359 1150 415 aliis
1187 360 1486 418 animalibus-
1526 366 1622 435 (in
1667 364 1893 435 piscibus
1909 366 1947 437 )‘

798 461 913 499 vera
954 462 1070 500 ossa
1116 460 1255 501 sunt.

349 535 466 607 (st
493 529 842 607 Reproductt'o
879 535 1064 604 speciei
1113 536 1222 589 sive
1263 539 1605 604 generatio).

348 626 418 683 C·
461 626 596 681 Ossa
628 625 988 694 generationis
1037 624 1283 694 officinam
1332 626 1681 681 includentia.

732 711 869 767 Ossa
911 711 1110 779 pelvis:
1153 729 1213 766 os
1253 729 1488 782 sacrum,
1525 732 1641 772 ossa
1677 717 1948 787 coccygia,

801 817 921 857 ossa
964 817 1203 855 coxarum
1260 802 1396 870 (Cf.
1460 820 1588 870 quae
1645 824 1798 876 supra
1839 824 1950 863 mo-

798 892 1005 946 nuimus
1044 889 1088 943 I.
1130 888 1189 942 C.
1213 888 1266 957 J.

344 1073 380 1140 5
421 1087 474 1140 3.
512 1070 596 1123 De
646 1088 738 1138 σο,
786 1068 931 1142 quod
983 1069 1225 1123 sceletum
1282 1070 1471 1122 stricte
1524 1068 1723 1124 dictum
1765 1072 1946 1141 facit,

486 1163 595 1216 sive
650 1159 712 1214 de
758 1171 878 1231 typo
934 1158 1180 1228 generali
1235 1158 1408 1212 sceleti
1455 1160 1515 1212 in
1577 1161 1808 1215 omnibus

783 1249 1100 1304 vertebratis
1135 1245 1489 1301 animalibus.

413 1423 663 1480 Animalia
711 1421 992 1481 vertebrata
1037 1420 1230 1494 duplici
1276 1437 1551 1494 systemate
1612 1439 1830 1482 nervoso
1869 1428 1946 1482 in-'

343 1525 533 1568 structa
603 1528 763 1581 sunt,
852 1532 1020 1581 quam'
1090 1517 1158 1569 ob
1229 1529 1430 1570 causam
1499 1516 1834 1588 Diploneura
1912 1534 1943 1570 a

343 1603 578 1658 Rudol
590 1605 678 1670 ph
700 1606 767 1658 io
809 1607 1064 1660 dicuntur.
1157 1605 1363 1659 Nervus
1410 1604 1761 1673 sympathicus
1806 1622 1943 1674 mag-

342 1707 442 1745 nus
480 1693 655 1759 adest,
697 1694 829 1747 vitae
873 1694 1135 1761 organicae
1188 1694 1417 1761 dicatus3
1467 1695 1608 1747 adest
1649 1695 1793 1747 etiam
1839 1712 1943 1747 me-

339 1778 476 1835 dulla
523 1780 727 1847 spinalis
777 1799 894 1837 cum
931 1783 1139 1838 cerebro
1160 1824 1179 1849 ,
1226 1801 1355 1850 quae
1389 1785 1451 1837 ad
1491 1784 1644 1837 vitam
1678 1783 1937 1837 animalem·

337 1869 612 1938 pertinent,
670 1872 900 1927 Medulla
927 1866 1134 1938 spinalis
1167 1871 1220 1924 in
1251 1871 1398 1939 spina
1430 1871 1771 1927 vertebrarum
1814 1890 1937 1927 con-

336 1959 546 2013 tinetur.
620 1959 751 2014 Ossa
794 1961 855 2013 ab
897 1961 996 2012 hoc
1030 1959 1202 2027 spina,
1242 1971 1301 2013 ut
1338 1959 1791 2015 Aristoteles
1836 1964 1938 2031 jam

337 2049 539 2117 docuit,
581 2050 865 2118 dependent
905 2050 1072 2104 omnia
1091 2089 1111 2116 ‚
1148 2061 1197 2102 et
1232 2048 1285 2102 in
1328 2047 1566 2102 omnibus
1605 2049 1897 2105 animalibus
1918 2079 1938 2118 ‚·

339 2156 469 2206 quae
532 2158 647 2195 vera
711 2158 829 2195 ossa
892 2141 1114 2205 habent,
1171 2140 1357 2193 horum
1412 2139 1609 2193 initium
1664 2138 1726 2190 ab
1792 2139 1937 2206 spina

335 2243 416 2282 est
456 2230 529 2298 (k
551 2230 599 2297 >.
685 2228 916 2284 Medulla
972 2230 1165 2283 laudata
1224 2241 1512 2282 antrorsum
1570 2227 1623 2281 in
1672 2227 1933 2281 cerebrum

335 2320 597 2374 efflorescit
621 2360 640 2386 ‚
694 2320 838 2387 spina
903 2319 1194 2374 vertebralis
1242 2319 1294 2371 in
1365 2317 1590 2372 cranium
1638 2315 1815 2370 transit
1861 2329 1930 2369 ata·

335 2424 438 2474 que
481 2420 721 2463 mutatur.
807 2409 919 2461 Hae
974 2420 1094 2462 sunt
1147 2408 1319 2462 sceleti
1382 2419 1550 2475 partes
1602 2407 1887 2461 essentiales
1909 2444 1930 2473 ‚-

333 2514 548 2566 quarum
588 2498 779 2564 reliqua
832 2512 950 2551 ossa
998 2512 1104 2549 non
1142 2508 1263 2550 sunt
1316 2490 1413 2549 nisi
1457 2495 1779 2562 appendices,

408 2586 706 2641 Vertebram
741 2602 913 2639 revera
955 2601 1066 2638 esse
1111 2584 1271 2639 totius
1308 2584 1595 2652 systematis
1636 2584 1773 2638 ossei
1812 2583 1929 2638 fun-

333 2677 619 2730 damentum
677 2685 830 2741 atque
890 2673 1143 2739 exemplar
1215 2672 1337 2725 varii
1388 2685 1622 2726 auctores
1690 2674 1927 2729 docuere.-

333 2766 469 2819 Cum
517 2765 703 2831 duplex
734 2779 861 2816 usus
905 2761 1078 2828 spinae
1114 2761 1217 2826 sit,
1253 2762 1377 2814 alter
1425 2772 1484 2815 ut
1525 2761 1790 2815 medullam
1823 2761 1926 2827 spi-

330 2852 488 2906 nalem
555 2851 820 2918 defendat,
875 2850 999 2903 alter
1058 2861 1117 2903 ut
1168 2849 1329 2903 motui
1381 2848 1642 2915 inserviat,
1694 2860 1750 2903 ut
1805 2848 1927 2901 huic·

1814 2954 1929 2992 scos

385 3063 490 3116 (k)
518 3062 714 3106 Aristo
738 3062 889 3104 teles
943 3061 994 3101 de
1057 3059 1243 3099 animat.
1294 3058 1469 3100 Πίσων.
1527 3060 1585 3102 L.
1639 3060 1724 3103 111.
1776 3074 1815 3104 c.
1867 3073 1914 3114 7.

339 3133 469 3191 Ἀρχὴ
507 3137 554 3180 6⁴3
587 3139 607 3184 ἦ
635 3135 762 3191 ῥάχις
799 3135 914 3178 iecra»
943 3132 980 3174 ἓν
1014 3131 1126 3173 crs-501
1158 3130 1242 3175 τοῖς
1269 3129 1430 3182 ἔχουσιν
1459 3130 1582 3174 60¹¹?oe-
